3398 5230
675 557 896 625 -65-

253 761 426 845 nativoque
443 757 583 843 quodam
598 756 753 826 sermonis
768 754 932 846 familiaris
953 753 1061 823 colore
1078 754 1322 822 commendatur

252 890 312 937 nec
335 875 442 934 tamen
459 866 550 932 deest
567 866 725 932 oratorius
748 865 841 948 vigor
855 863 1047 946 stimulique.
1075 869 1108 929 et
1131 868 1168 928 ut
1182 861 1323 929 fontium

251 974 314 1043 fert
343 973 392 1042 vel
420 995 528 1038 rerum
558 977 673 1038 natura
701 977 758 1036 aut
784 971 883 1055 ipsius
906 970 1031 1036 Teletei
1059 969 1176 1055 ingenii
1201 968 1321 1036 medio-

255 1082 364 1166 critas,
387 1080 485 1148 modo
509 1081 637 1164 parcior
662 1079 830 1146 verborum
847 1085 903 1145 'est
928 1078 1076 1161 scriptor,
1100 1077 1198 1144 modo
1222 1076 1320 1143 abun-

254 1189 394 1272 dantior,
417 1187 514 1254 modo
536 1186 762 1253 iterationibus
784 1187 940 1253 molestus
964 1189 996 1250 et
1018 1184 1201 1268 neglegens,
1224 1183 1322 1250 modo

139 1327 142 1333 ·
254 1296 395 1362 acumine
418 1295 570 1361 adliciens
597 1295 752 1361 lectorem
775 1294 957 1377 salibusque
981 1291 1093 1360 Bionis
1123 1292 1323 1376 potissimum

255 1408 288 1468 et
302 1401 435 1470 facetiis.
464 1423 523 1469 neo
546 1403 762 1469 membrorum
786 1400 999 1467 conformatio
1017 1421 1082 1464 una
1106 1399 1197 1483 quasi
1219 1398 1322 1464 forma

252 1529 406 1593 percussa
430 1514 492 1575 est:
523 1514 561 1574 ut
583 1509 691 1575 brevia
719 1509 790 1575 cola
821 1517 909 1574 amat
928 1506 1023 1572 'l'eles
1053 1512 1085 1573 et
1112 1507 1249 1590 minuta,
1278 1507 1324 1570 ita

254 1636 318 1682 non
341 1615 463 1699 spernit
476 1615 647 1700 ,longiores
671 1615 822 1700 periodos
850 1621 907 1680 aut
931 1635 984 1680 eas
1008 1615 1097 1680 cuius
1120 1617 1230 1697 partes
1254 1617 1323 1678 arte

254 1744 355 1809 paene
379 1719 519 1807 Gorgiae
542 1723 635 1788 simili
658 1727 855 1806 exaequatae
879 1722 952 1787 sint.

322 1830 410 1914 quod
439 1829 591 1896 iudicium
619 1830 800 1913 potioribus
831 1829 955 1913 aliquot
986 1828 1137 1913 exemplis
1163 1827 1324 1894 illustrare

255 1938 289 2002 in
311 1938 417 2004 animo
441 1943 500 2003 est.
536 1958 574 2003 ac
597 1936 684 2021 quod
707 1937 773 2002 dixi
789 1936 915 2002 dicendi
931 1957 1031 2020 genus
1047 1936 1216 2002 Teleteum
1231 1935 1324 2018 nimis

257 2065 323 2111 non
345 2044 648 2131 numquam-fusum
665 2065 735 2111 esse
759 2049 792 2110 et
813 2043 992 2126 abundans,
1015 2043 1108 2109 facile
1131 2042 1164 2109 id
1179 2041 1324 2107 firmatur

256 2172 317 2216 usu
339 2171 598 2237 synonymorum.
634 2152 724 2216 ouius
747 2173 824 2216 usus
848 2171 921 2216 cum
943 2151 1008 2216 iam
1031 2150 1071 2216 ab
1087 2151 1213 2216 Hensio
1237 2150 1324 2215 lucu·

255 2257 393 2324 lentiore
417 2258 575 2342 quaedam
601 2258 747 2342 exempla
775 2258 852 2325 data
880 2257 1049 2323 occasione
1076 2261 1325 2324 commemorata

256 2365 378 2431 videam
393 2365 514 2451 proleg.
529 2388 562 2450 p.
577 2364 664 2449 XX,
680 2367 792 2450 paucis
807 2387 858 2431 me
874 2365 1033 2430 contineo.
1057 2364 1143 2430 velut
1158 2365 1190 2431 in
1207 2371 1323 2448 quarto

258 2475 324 2556 περί
349 2476 450 2546 πενίας
477 2493 622 2539 sermone
649 2495 680 2557 p.
706 2476 757 2555 25,
789 2478 805 2537 1
834 2473 932 2539 verba
956 2465 1075 2544 συδενδς
1101 2474 1231 2554 γείνανται
1257 2469 1326 2536 ουδὲ

255 2575 392 2644 ἅπτονται
415 2580 462 2645 ita
488 2581 725 2664 coniunguntur
740 2585 777 2645 ut
793 2579 949 2647 alterutro
965 2580 1069 2645 careri
1090 2581 1234 2664 potuerit
1247 2574 1325 2645 ¹sine

256 2687 434 2754 sententiae
468 2687 673 2755 detrimento.
715 2689 784 2771 ipse
815 2688 898 2754 enim
927 2686 1013 2752 infra
1045 2686 1124 2752 dixit
1147 2709 1179 2770 p.
1205 2691 1258 2770 25,
1284 2683 1324 2752 13

256 2797 306 2855 ναί
322 2789 537 2879 ἐπιθυμοῦντες
552 2791 671 2866 οὐδενὸς
686 2796 828 2875 γεδσνται.
863 2794 1048 2879 saepissime
1064 2815 1140 2860 vero
1163 2793 1196 2859 in
1212 2794 1326 2860 eodem

258 2899 488 2965 commentario
512 2900 607 2966 Tales
637 2900 739 2965 utitur
766 2901 928 2968 locutione
958 2899 988 2966 ἐν
1020 2899 1115 2985 ἐνδείσρ
1143 2905 1194 2965 καί
1223 2905 1325 2966 σπάνει

258 3002 331 3070 εἶναι
345 3004 395 3070 vel
418 3010 560 3079 σπανίζειν
583 3009 634 3071 καὶ
657 3003 853 3093 ὲνδεὴςείναι
875 3009 922 3074 vel
940 3012 1082 3082 σπανίζειν
1104 3012 1156 3073 καί
1178 3005 1208 3072 ὲν
1231 3006 1326 3092 ἐνδεία

258 3109 329 3177 εἶναι
343 3111 393 3177 vel
413 3110 525 3186 ἐνδείας
547 3115 599 3176 καὶ
622 3118 765 3192 σπάνεως,
790 3135 863 3180 oum
885 3116 953 3199 ipse
976 3116 1124 3199 posuerit
1145 3115 1233 3181 salva
1256 3137 1323 3181 sen·

258 3219 361 3284 tentia
375 3219 496 3284 nudum
518 3219 598 3285 illud
613 3218 715 3309 ἐνδεής
732 3226 783 3304 32,
804 3227 855 3292 12.
874 3227 927 3306 37,
948 3226 986 3287 10
1010 3222 1059 3288 vel
1082 3233 1137 3288 τῶν
1160 3220 1326 3305 ἀναγκαίων

258 3323 359 3413 ἐνδεής
389 3328 536 3412 (auctore
559 3326 678 3415 Bione)
701 3333 734 3414 4,
765 3335 785 3394 8
809 3329 859 3395 vel
889 3330 993 3396 solum
1022 3325 1059 3394 δι’
1082 3327 1192 3396 ἔνδειαν
1216 3334 1268 3414 34,
1293 3333 1325 3394 4.

258 3435 289 3497 9.
304 3435 355 3501 10.
372 3433 404 3499 in
421 3433 534 3500 eadem
548 3435 646 3518 igitur
662 3434 800 3501 diatriba
817 3437 895 3502 haec
912 3458 1160 3522 synonymorum
1175 3436 1326 3520 leguntur

257 3539 347 3622 paria
363 3543 415 3622 24,
433 3542 454 3604 4
471 3537 508 3604 δι’
523 3538 731 3629 ἀνελευθερίαν
747 3545 798 3606 καί
813 3540 955 3628 ῥυπαρίαν
972 3547 1026 3627 25,
1042 3547 1064 3608 4
1078 3554 1225 3629 κακαυχεῐ
1239 3541 1326 3609 ababa

257 3648 310 3708 καὶ
332 3646 460 3733 ξηραίνει
477 3652 529 3730 33,
549 3653 565 3712 1
583 3647 613 3714 ἐν
636 3649 734 3735 πολλῇ
750 3647 786 3714 ἂν
802 3649 847 3737 εἴη
864 3649 950 3734 ἀδείᾳ
972 3654 1024 3714 καί
1046 3649 1218 3734 ἀσπανισπίσρ
1236 3655 1288 3734 33,
1307 3656 1324 3715 7

257 3755 335 3838 μένα
356 3755 407 3817 καὶ
430 3751 583 3836 ἀξιόλογον
601 3759 690 3836 33,8
715 3753 890 3820 ἀδώπευπσν
904 3760 957 3820 καί
977 3755 1186 3826 ἀκολάκευτον.
1211 3758 1327 3841 quibus

258 3856 407 3925 addenda
433 3864 509 3925 sunt
537 3881 619 3944 quae
646 3862 835 3928 memoravit
863 3863 968 3928 editor
990 3863 1011 3928 l.
1036 3885 1062 3930 c.
1092 3885 1153 3930 nec
1172 3861 1326 3929 ‘absimilis

258 3970 308 4030 est
330 3965 437 4050 lepida
458 3965 514 4032 illa
529 3966 643 4033 Bionis
663 3969 696 4033 in
711 3968 877 4054 hydropici
893 3961 1106 4055 descriptione
1130 3971 1328 4037 abundantia

259 4076 312 4154 29,
331 4076 349 4136 3
365 4078 477 4161 κρήνας
500 4077 550 4138 καί
572 4077 732 4162 occupate.
755 4076 835 4142 haec
860 4078 1004 4162 exempla
1027 4079 1055 4142 si
1077 4079 1256 4163 respexeris
1280 4080 1325 4144 in·

259 4177 392 4264 telleges
409 4181 524 4264 opinor
539 4181 644 4248 locum
660 4183 693 4248 in
708 4181 798 4249 libris
818 4182 984 4250 turbatum
1001 4191 1053 4267 27,
1073 4190 1113 4250 15
1130 4190 1219 4252 recte
1234 4187 1326 4252 resti·

259 4291 366 4354 tutum
394 4308 463 4354 esse
492 4288 553 4355 sio:
583 4287 648 4354 obre
675 4287 789 4370 ἑαυτοῖς
812 4297 1000 4379 προϊεμένους
1023 4287 1087 4356 obre
1110 4292 1215 4365 ἄλλοις
1237 4285 1332 4379 peror-v

1113 4419 1130 4470 5
