3388 5236
783 556 976 613 „6-

347 747 393 814 έπλ
409 749 531 836 Θρᾴκης
553 751 777 832 καθεσταμένος
799 743 854 809 ὑπὸ
870 743 1068 830 Πτολεμαίου.
1099 745 1178 809 haec
1195 749 1243 808 est
1259 744 1362 810 forma
1378 751 1414 809 ut

347 877 412 924 non
444 877 464 922 a
495 854 632 940 Polybio
666 853 716 938 (X
744 856 776 936 4,
793 858 823 917 6.
858 851 909 918 IV
938 853 1044 937 84,1)
1075 851 1122 916 ita
1153 873 1173 916 a
1205 852 1413 935 scriptoribus

347 961 468 1029 Atticis
487 962 590 1028 aliena
606 961 807 1048 (διεσταμένυς
822 959 921 1025 habet
938 959 1010 1024 cod.
1024 959 1100 1024 Par.
1117 957 1151 1024 A
1166 958 1312 1024 Platonis
1329 959 1412 1025 Tim.

346 1094 376 1156 p.
402 1075 443 1135 81
468 1069 533 1158 D),
565 1067 606 1135 of.
630 1067 783 1135 Κιιυλυ.Β
814 1066 926 1153 8283,
954 1070 973 1129 3
996 1089 1029 1150 p.
1053 1069 1129 1133 647.
1162 1066 1413 1132 conservandam

348 1198 417 1244 esse
444 1176 579 1242 formam
609 1174 696 1258 apud
725 1174 869 1240 Teletem
900 1173 1098 1238 demonstrat
1121 1171 1227 1239 Cobet
1257 1195 1412 1240 mnemos.

348 1285 403 1350 IX
418 1307 449 1368 p.
469 1286 542 1348 121.
565 1283 598 1347 in
613 1281 714 1347 titulis
729 1279 852 1346 Atticis
868 1301 940 1346 sero
956 1284 1146 1366 καθέσταμαι
1162 1302 1220 1363 pro
1237 1284 1414 1368 καθέστηκα

349 1413 407 1457 usu
429 1391 535 1456 venire
557 1389 653 1455 docet
668 1387 834 1454 Meisterh.
850 1391 863 1428 ²
877 1409 909 1471 p.
928 1391 1001 1468 153,
1019 1391 1049 1452 9.
1067 1392 1208 1453 ceterum
1225 1386 1265 1456 of.
1277 1387 1415 1456 Veitch⁴

348 1499 370 1563 l.
393 1519 420 1566 c.
444 1519 475 1581 p.
495 1500 568 1562 339.

419 1603 554 1687 denique
577 1607 745 1668 moneatur
768 1600 807 1668 de
831 1605 978 1689 φάμενυςῑ
1004 1605 1093 1681 8,13
1117 1601 1263 1686 πολυτελῆ
1287 1606 1415 1690 φάμενον

349 1713 431 1776 πόλιν
455 1708 526 1775 εἶναι
548 1713 601 1780 τὰς
616 1706 764 1796 Ἀθήνας.
803 1708 1005 1792 participium
1024 1707 1088 1774 hoc
1104 1708 1190 1792 apud
1206 1707 1338 1775 Atticos
1354 1731 1414 1792 pro

350 1823 472 1908 φάσκων
498 1817 577 1882 locis
606 1815 778 1882 admodum
805 1816 914 1901 paucis
937 1815 1072 1898 reperiri
1095 1815 1245 1881 observat
1266 1816 1416 1900 Krueger

352 1930 403 2006 38,
416 1928 448 2008 4,
463 1929 480 1990 1
497 1922 551 2008 (of.
567 1928 645 1990 trit.
663 1927 750 1990 stud.
766 1923 803 1988 Π
817 1946 850 2007 p.
863 1923 920 2008 45)
936 1928 1003 1988 tres
1019 1944 1208 1988 enumerans
1222 1923 1281 1989 hos
1295 1922 1414 1989 Aesch.

350 2031 494 2117 Choeph.
513 2034 576 2096 315
599 2031 718 2117 (chor.)
741 2030 829 2096 Xen.
846 2030 933 2097 Heli.
950 2030 968 2095 I
992 2035 1022 2114 6,
1041 2036 1059 2095 3
1082 2030 1240 2096 Ps.-Plat.
1257 2029 1364 2096 Alcib.
1381 2032 1417 2096 Π
1541 2027 1545 2031 ’

350 2143 453 2225 p.142
462 2139 502 2204 Ε.
527 2137 675 2204 Cleanthi
687 2138 784 2204 datur
796 2137 1254 2227 pupevoraDiogeneLaertio
1264 2138 1415 2222 VIiltl,

351 2246 408 2312 sed
426 2247 458 2311 in
475 2245 756 2330 apophthegmata
791 2246 994 2328 reperiuntur
1017 2246 1078 2310 etsi
1092 2266 1166 2311 raro
1190 2244 1271 2310 aliae
1287 2267 1415 2329 quoque

351 2352 492 2419 eiusdem
515 2353 639 2437 generis
661 2352 792 2436 formae,
817 2353 856 2418 oi.
880 2352 1024 2420 Veitoh4
1047 2374 1079 2435 p.
1097 2356 1172 2417 675.

418 2459 467 2526 his
499 2459 644 2543 pauculis
676 2459 858 2543 praemissis
890 2460 954 2524 iam
986 2458 1026 2524 ad
1058 2460 1206 2544 syntaxin
1234 2459 1416 2543 transgredi

350 2566 439 2633 libet.

788 2813 902 2900 Caput
928 2811 977 2884 Π.

735 2992 793 3076 De
825 2991 1033 3096 syntaxi.

418 3209 466 3276 Ut
493 3231 513 3274 a
540 3229 692 3292 genere
721 3208 857 3273 nominis
879 3207 1004 3273 initium
1026 3206 1189 3292 faciamus
1221 3231 1319 3293 genus
1342 3233 1417 3276 neu-

351 3322 439 3382 trum
461 3315 597 3382 nominis
621 3314 768 3380 adiectivi
788 3315 925 3381 articulo
946 3316 1126 3398 praeditum
1146 3315 1336 3382 substantivi
1355 3319 1418 3382 vim

352 3423 438 3489 haud
460 3444 535 3488 raro
560 3421 620 3487 sibi
642 3423 782 3488 adsumit
806 3421 858 3507 (of.
876 3422 1001 3506 Krueg.
1017 3426 1071 3507 43,
1088 3427 1119 3507 4,
1140 3425 1188 3511 1):
1213 3429 1249 3488 τὰ
1270 3425 1417 3512 πολυτελῆ

355 3535 440 3613 3,13
464 3540 526 3602 τοῖς
549 3530 581 3593 δέ
604 3526 713 3609 ὀλέγυις
736 3533 787 3593 καὶ
809 3527 936 3593 εὐτελέσι
960 3535 1050 3613 3,14
1073 3534 1109 3595 τὰ
1131 3533 1242 3603 τουτυις
1263 3537 1419 3620 πρόσφορα

356 3641 405 3718 10,
425 3643 443 3702 2
469 3639 509 3703 al.
549 3636 593 3702 sic
616 3637 649 3701 in
671 3636 869 3720 temporibus
894 3636 1079 3704 definiendis
1104 3638 1242 3725 (Krueg.
1263 3643 1317 3722 43,
1334 3644 1365 3722 4,
1384 3642 1418 3728 6)

353 3748 389 3808 τὰ
404 3748 482 3830 μέσα
501 3748 549 3825 11,
568 3749 598 3808 6.
618 3750 634 3810 7
661 3747 696 3807 τὰ
718 3743 833 3807 παλαιά
851 3748 902 3827 16,
921 3748 957 3828 53
980 3744 1043 3810 huo
1061 3746 1201 3828 pertinet
1217 3746 1312 3812 etiam
1327 3750 1380 3827 47,
1397 3750 1419 3812 4

353 3849 400 3915 ἐπὶ
422 3861 478 3915 τῶν
500 3848 650 3935 Τρωικῶν.
696 3851 737 3917 ab
768 3850 924 3917 adiectivo
955 3853 1083 3918 nomine
1114 3853 1270 3918 numerali
1300 3854 1419 3938 pendet

354 3957 518 4042 genetivus
545 3961 631 4040 11,7
661 3962 697 4022 τὰ
724 3968 825 4041 πρῶτα
854 3967 904 4022 τοῦ
932 3963 1005 4044 βίου.
1052 3959 1321 4026 substantivorum
1351 3963 1418 4038 vioe

353 4064 528 4148 funguntur
540 4065 709 4150 participia
720 4068 756 4128 τὰ
767 4069 892 4130 πεσόντα
911 4069 962 4147 13,
977 4071 994 4130 3
1011 4077 1072 4138 τοῖς
1084 4070 1297 4154 συμβεβηκόσιν
1309 4073 1361 4151 28,
1378 4074 1417 4133 13

354 4177 405 4259 τὴν
437 4181 496 4236 τοῦ
528 4170 782 4243 ἐκλελοιπότος
814 4176 916 4258 χρείαν
948 4176 1001 4255 46,
1019 4179 1050 4243 2.
1105 4174 1162 4240 sed
1194 4175 1273 4241 haec
1305 4181 1419 4260 utpote

355 4280 482 4346 notiora
505 4301 570 4346 non
594 4279 756 4346 exhaurio.
