3398 5230
687 536 906 607 -τη,ἃ

265 739 349 825 vulg.
361 738 394 804 in
410 738 523 807 eodem
538 738 604 806 fere
616 759 732 824 genere
745 744 795 805 est
807 739 986 823 exemplum
998 736 1084 822 quod
1094 737 1212 822 legitur
1223 739 1278 820 45,
1292 740 1330 801 17

265 850 394 931 γεωργὸς
409 843 443 911 σί
460 857 536 911 ποιεῖ
548 855 632 911 τοῦτο
644 844 705 912 ιιτὲ.
731 846 865 930 denique
878 845 969 912 adico
981 843 1037 928 δρα
1049 849 1128 908 πόσα
1138 845 1221 932 λήψῃ
1236 849 1265 928 2,
1280 848 1332 927 17,

266 974 338 1020 eum
368 975 432 1038 quo
464 954 725 1038 comparandum,
755 954 844 1038 quod
866 955 970 1037 ipsum
994 959 1122 1036 quoque
1145 952 1332 1035 propaginis

265 1060 407 1127 Bioneae
432 1068 492 1145 est,
515 1062 577 1128 hoc
600 1065 654 1138 45,
671 1065 693 1126 4
715 1059 771 1146 ὅρα
786 1059 810 1126 εί
825 1065 876 1126 καί
892 1072 947 1127 τῶν
962 1057 1032 1146 παρ’
1047 1059 1116 1148 ἡμῖν
1132 1082 1176 1131 τις
1190 1071 1332 1142 νοναιιιων
1441 1145 1443 1148 ¹

265 1166 334 1245 ιιτὲ,
362 1168 418 1234 ubi
440 1166 496 1253 ὅρα
519 1167 591 1250 SM,
616 1166 672 1254 δρα
695 1166 744 1234 οὖν
768 1189 807 1234 σιτ
829 1169 1116 1253 interpretamento
1140 1167 1184 1232 A.
1224 1167 1333 1233 similis

264 1273 302 1340 fit
325 1275 504 1342 observatio
527 1277 560 1342 in
584 1276 814 1360 componendis
838 1275 1000 1342 vocabulis
1024 1274 1164 1358 singulis.

332 1383 450 1464 senties
465 1383 588 1468 opinor,
605 1403 701 1467 quam
717 1382 903 1449 intendatur
914 1383 961 1448 vis
973 1382 1128 1448 orationis
1140 1381 1233 1447 huius
1245 1381 1333 1447 modi

264 1488 426 1575 asyndetis
450 1487 518 1555 ὅταν
534 1488 553 1577 ἡ
570 1492 751 1576 ρισθωσασα
773 1492 857 1579 pter<
880 1491 948 1562 τοὺς
970 1486 1149 1577 ὀφθαλμοὺς
1171 1487 1332 1577 ἀφαιρῆται

264 1599 302 1660 τὰ
332 1595 394 1661 ὦτα
423 1599 477 1667 τὰς
507 1607 611 1684 χεῖρας
640 1598 708 1668 τοὺς
736 1597 833 1669 πόδας
867 1600 918 1678 11,
945 1599 961 1662 1
987 1595 1039 1675 (cf.
1066 1600 1095 1677 5,
1120 1600 1171 1660 10.
1200 1600 1253 1678 26,
1279 1599 1331 1664 11.

267 1706 354 1785 31,7
380 1703 435 1788 al.)
457 1703 507 1769 vel
535 1703 584 1769 his
612 1703 727 1788 quibus
754 1703 881 1770 accedit
908 1703 1085 1787 anaphora:
1114 1701 1264 1790 ἀναχωρει
1290 1701 1332 1776 τίς

265 1813 443 1895 μονοσιτίαν,
473 1806 515 1882 είς
537 1807 773 1886 αὐτοδιακονίαν,
797 1807 838 1882 είς
860 1814 997 1895 τρίβωνα,
1028 1808 1154 1898 ἔσχατον
1181 1806 1223 1881 τίς
1249 1806 1332 1894 tydeo.

265 1914 442 2000 asyndeton
466 1916 689 2000 explicativum
713 1921 818 1982 exstat
840 1916 873 1980 in
893 1916 1068 2001 prioribus:
1092 1912 1185 1986 osca<
1207 1913 1245 1980 ud
1268 1913 1332 2002 (ἐὰν

266 2022 305 2087 oi.
321 2021 443 2105 Hense,
467 2023 552 2089 idem
574 2044 650 2088 mox
672 2021 835 2110 ἐπιντέηται)
858 2023 943 2108 δεῦρο
973 2021 1111 2088 ἐπίκειται
1133 2019 1221 2088 ἐνίοτε
1243 2023 1333 2087 πόλε-

265 2151 331 2216 ριος,
362 2129 471 2214 ἀπορία
494 2129 651 2217 ἀρρωστία,
680 2129 829 2216 ἀναχώρει
852 2127 912 2195 ιιτὲ.
943 2151 1017 2195 nam
1046 2129 1154 2214 ἀπορία
1183 2128 1332 2215 ἀρρωστία

265 2237 335 2322 ipsa
358 2259 486 2321 quoque
502 2236 666 2318 ἀσονδέτως
688 2237 774 2303 inter
796 2259 830 2303 se
850 2237 1031 2320 composita
1045 2233 1147 2304 ‘belh’
1169 2243 1332 2320 tamquam

266 2349 493 2410 enumerantur
506 2345 658 2430 exempla.
677 2344 821 2410 similiter
832 2344 919 2410 istud
930 2343 1055 2430 ἀβίωτος
1067 2341 1083 2409 ὁ
1092 2348 1155 2429 βίος
1167 2343 1255 2428 quod
1267 2364 1332 2408 non

265 2451 333 2518 sine
354 2453 463 2536 vigore
485 2453 704 2536 praemittitur
722 2473 782 2536 per
796 2452 939 2518 membra
954 2453 1034 2518 haec
1050 2451 1227 2536 explicatur
1250 2473 1332 2535 quae

266 2559 464 2628 subiciuntur
479 2563 623 2645 στρατεία,
646 2560 818 2644 λειτουργία,
842 2562 979 2623 πολιτιιιά
993 2564 1161 2646 πράγματα,
1183 2560 1332 2646 σχολάσαι

266 2663 367 2754 [adep]
392 2665 447 2732 oda
469 2666 598 2749 ἔστι31,
618 2670 668 2731 16.
704 2666 762 2732 sed
784 2667 836 2732 vix
858 2687 988 2733 necesse
1011 2671 1090 2750 puto
1113 2665 1192 2732 talia
1215 2666 1332 2732 exhau-

265 2773 331 2838 riri.
367 2779 497 2839 cavetur
520 2777 627 2839 autem
651 2774 748 2840 etiam
771 2772 864 2838 huius
880 2774 1005 2857 generis
1020 2795 1060 2840 ne
1077 2774 1210 2839 satietas
1226 2774 1332 2857 capiat

265 2878 430 2945 lectorem.
469 2879 617 2945 varietati
630 2880 678 2945 ita
701 2879 839 2946 consulit
855 2879 960 2962 Telos,
984 2886 1020 2945 ut
1037 2880 1101 2947 duo
1116 2879 1260 2946 membra
1282 2901 1332 2946 οο-

265 2985 355 3070 pulet
369 3005 428 3070 por
443 2985 646 3069 particulam,
670 2986 794 3071 reliqua
817 2987 936 3053 adiciat
952 2986 1117 3061 ἀσονδέτως
1136 2991 1188 3071 39,
1207 2993 1226 3052 6
1243 3009 1332 3071 στρα-

265 3094 375 3156 τείιεται
390 3095 442 3157 καί
463 3093 614 3176 πρεσβεία
637 3089 709 3177 ίιπὲρ
729 3103 783 3181 τῆς
805 3094 931 3171 πόλεως,
955 3096 1143 3171 πολιτείεται,
1167 3102 1330 3182 στρατηγεῖ,

265 3207 402 3285 χορηγεῖ,
435 3197 629 3281 ἀγωνοθετεί·
661 3204 816 3286 μακαρίζει
848 3198 957 3267 ἐκεῖνον
989 3204 1036 3267 τὸν
1060 3202 1120 3285 βίον
1144 3201 1175 3266 δν
1198 3211 1269 3274 παῖς
1292 3198 1331 3266 ὢν

265 3301 375 3389 ἐβίωσε.
410 3304 464 3370 ubi
488 3311 609 3390 quanta
631 3305 789 3373 brevitate
812 3327 889 3373 usus
913 3307 955 3373 sit
970 3314 1113 3374 extremo
1130 3307 1331 3391 potissimum

263 3411 408 3479 membro
439 3412 566 3481 adiecto
598 3413 704 3502 (quasi
731 3414 847 3481 dixerit
874 3425 911 3481 ul
933 3436 999 3482 ιιιιο
1022 3418 1120 3482 aerbo
1144 3419 1251 3482 dicum
1271 3437 1332 3501 ρα-

263 3523 374 3604 ιιαρίζει
388 3517 463 3608 ντί.)
487 3542 581 3588 nemo
605 3543 671 3587 non
693 3521 861 3606 intellegit.
896 3542 999 3606 neque
1022 3543 1130 3588 rarum
1153 3528 1203 3589 est
1225 3522 1331 3609 poly—

264 3625 460 3710 syndeton.
494 3628 581 3694 velut
595 3633 671 3713 post
690 3627 885 3695 minutorum
900 3628 1045 3695 colorum
1060 3628 1139 3694 illud
1153 3628 1330 3716 asyndeton

264 3727 399 3816 streptu,
423 3733 596 3800 διάστειλον·
624 3734 746 3820 ἀπορία,
774 3736 921 3801 σι’)στετλον
946 3741 964 3799 7
968 3740 1013 3818 ,7
1039 3737 1084 3802 sio
1110 3737 1331 3808 πολοσονδὲτως

263 3839 421 3924 pergitur:
450 3838 518 3905 ἀλλ’
546 3839 632 3930 ἡμεῖς
659 3839 693 3906 οὐ
722 3843 877 3930 δυνάμεθα
904 3842 1062 3929 ἀρκεῖσθαι
1087 3854 1154 3916 ’τοῖς
1180 3854 1330 3930 παροῦσιν,

262 3941 332 4038 ὅταν
354 3950 420 4011 καί
442 3958 536 4036 τροφῇ
559 3949 635 4012 πολὺ
657 3948 793 4036 διδῶμεν,
817 3953 883 4014 ιιαί
905 3953 938 4014 τὸ
954 3949 1133 4035 ἐργάζεσθαι
1149 3956 1244 4021 ...αί
1265 3955 1331 4036 ιιρί-

263 4075 357 4139 νωμεν
372 4057 437 4118 καί
452 4057 500 4119 τὸν
515 4057 647 4121 θάνατον
670 4053 796 4143 ἔσχατόν
813 4057 860 4144 [τι]
877 4068 933 4123 των
949 4069 1060 4124 κακῶν.
1089 4056 1139 4124 ἐὰν
1163 4060 1195 4123 δὲ
1217 4065 1330 4148 ποιήσῃ

262 4163 313 4223 καί
335 4171 391 4248 τῆς
413 4159 524 4250 ἡδονῆς
546 4168 785 4252 παταφρονοῦντοί
808 4187 880 4242 τινα,
903 4168 1051 4250 καὶπρὸς
1073 4167 1141 4237 τοὺς
1162 4170 1269 4239 πόνους
1286 4171 1329 4255 μὴ

262 4265 489 4356 διαβεβλημένον
504 4272 556 4334 ιιαί
570 4266 630 4335 ιιτὲ.
653 4290 713 4336 neo
727 4269 794 4338 fere
810 4270 904 4338 aliter
918 4272 1095 4358 asyndeton
1108 4272 1330 4358 explicativum
