3398 5230
704 565 927 628 ..61-

347 769 526 848 τροσστῐγναί
553 764 581 842 7,
600 764 619 824 3
643 760 774 826 verbum
797 759 1023 843 palaestricum
1047 760 1129 828 sicut
1149 761 1258 843 γλοιός,
1283 760 1348 823 δια-

280 867 527 955 τραχηλίίεσθαι.
561 865 600 932 ci.
617 889 699 950 quae
723 867 890 933 adnotavit
913 866 1033 933 Hense.

219 1023 228 1030 .
348 974 587 1046 σιτελετείισαντες
618 977 734 1057 23,11
766 970 937 1043 ‘condire’.
977 975 1103 1058 saepius
1133 974 1178 1039 sic
1207 973 1247 1040 ab
1278 973 1347 1040 aliis

281 1080 398 1146 dicitur
409 1083 578 1170 ταριχείειν.
598 1081 660 1146 Bio
673 1080 762 1167 (nam
779 1081 818 1148 de
831 1081 934 1147 Bione
946 1080 1066 1168 agitur)
1078 1082 1234 1148 translate
1245 1082 1348 1147 utItur

282 1188 379 1254 verbo
394 1189 649 1254 κατασκελετείιειν
665 1187 751 1272 apud
763 1187 974 1255 Plutarchum
990 1188 1029 1254 de
1044 1188 1133 1254 liber.
1148 1189 1239 1254 educ.
1252 1209 1280 1254 c.
1297 1192 1347 1255 10.

348 1298 551 1379 οτραγγείιεται
574 1295 774 1382 (στρατείιεται
796 1295 881 1380 libri)
907 1299 989 1378 nal
1012 1295 1156 1380 adspirat
1171 1295 1213 1362 ad
1229 1317 1347 1362 sermo·

281 1423 354 1468 nem
375 1401 572 1484 familiarem,
597 1403 681 1467 unde
701 1402 807 1468 hausit
828 1402 1066 1488 Aristophanes
1081 1402 1166 1469 th.
1186 1407 1248 1468 126
1272 1403 1347 1468 nub.

284 1514 357 1574 132.
375 1509 494 1575 Tereus
507 1509 592 1575 haud
604 1509 791 1575 absimiliter
801 1509 920 1575 Mache
934 1509 1096 1576 Athenaei
1108 1509 1200 1576 XIII
1211 1532 1241 1595 p.
1256 1515 1347 1577 580e

282 1618 512 1702 στραγγείιεσθαι
532 1620 598 1700 περί
617 1620 671 1690 τὰς
691 1617 850 1703 συμβολάς.
867 1617 1026 1684 coniciunt
1048 1623 1285 1704 στραγγευομένῳ
1300 1637 1373 1684 re·'

283 1723 465 1807 ponendum
482 1744 551 1789 esse
567 1744 626 1807 pro
644 1728 860 1810 στρατευομένῳ
873 1723 1019 1789 Platonis
1036 1724 1075 1789 de
1091 1746 1158 1808 rep.
1173 1747 1205 1808 p.
1222 1728 1286 1790 472
1303 1723 1347 1789 A.

283 1834 424 1896 ceterum
437 1829 476 1896 cf.
490 1830 671 1896 Kuesterus
684 1831 726 1896 ad
738 1829 826 1896 Suid.
840 1853 868 1895 v.
881 1828 901 1918 ἢ
915 1831 958 1895 δεῖ
973 1831 1109 1918 χελώνης
1125 1836 1157 1897 et
1171 1834 1347 1916 στραγγτίιετ,

281 1936 481 2005 Valckenaer
504 1938 661 2004 animadv.
689 1938 731 2004 ad
758 1937 910 2005 Ammon.
931 1961 963 2022 p.
988 1941 1061 2003 130.
1097 1941 1281 2023 στρατεύεται
1297 1960 1347 2004 re·

281 2043 375 2109 tineri
390 2044 457 2110 vult
472 2044 558 2128 apud
575 2045 719 2112 Teletem
730 2043 889 2111 Giesecke
904 2044 925 2109 l.
942 2065 969 2110 c.
982 2067 1012 2129 p.
1032 2049 1070 2109 37
1089 2045 1163 2111 adn.
1180 2053 1245 2112 non
1261 2051 1347 2130 apte.

348 2156 480 2236 τερετίζειν
495 2152 627 2219 verbum
643 2153 763 2238 (γρᾴδια
778 2155 888 2241 φυστὴν
905 2157 1035 2240 φαγόντα
1050 2156 1225 2237 τερετίζοντα
1240 2157 1271 2235 4,
1291 2152 1347 2241 12)

284 2256 460 2342 desumpsit
487 2259 549 2326 Bio
577 2281 594 2325 e
623 2279 769 2324 sermone
797 2258 919 2342 vulgari
947 2257 1029 2324 sicut
1056 2259 1120 2324 iam
1146 2259 1348 2345 Phrynichus

284 2366 422 2430 comicus
438 2366 477 2430 H
490 2389 523 2450 p.
542 2370 603 2431 587
621 2366 659 2431 fr.
679 2371 697 2430 2
713 2365 814 2434 Mein.
831 2366 880 2431 vel
898 2366 1034 2449 Euphro
1050 2366 1102 2436 IV
1117 2388 1149 2450 p.
1166 2370 1230 2440 487
1247 2353 1275 2433 v.
1295 2370 1347 2432 34.

283 2477 358 2538 ante
374 2472 585 2540 Aristotelem
609 2475 641 2538 in
664 2473 809 2556 probatis
832 2494 949 2557 prosae
968 2473 1122 2559 orationis
1138 2473 1348 2558 scriptoribus

283 2601 342 2644 neo
365 2584 512 2664 τερετίζειν
534 2580 597 2663 legi
619 2579 745 2646 videtur
759 2601 819 2644 nec
842 2585 995 2668 τερὲτισρια
1017 2579 1103 2666 (vide
1119 2579 1235 2646 Bonita
1251 2603 1276 2646 s.
1293 2582 1348 2669 ιτ).

283 2686 323 2754 of.
340 2685 471 2752 Schmid
486 2687 507 2752 l.
525 2708 552 2755 c.
568 2688 586 2752 I
601 2710 632 2771 p.
652 2690 725 2754 163.
757 2688 893 2753 recurrit
908 2686 1038 2752 verbum
1060 2687 1093 2752 in
1109 2688 1349 2754 narratiuncula

284 2792 323 2858 de
332 2793 478 2877 Diogene
486 2793 588 2860 relata
599 2793 759 2860 aLaertio
767 2794 817 2862 VI
831 2799 872 2858 27
877 2842 884 2858 .
901 2794 941 2859 de
953 2793 1066 2859 eodem
1078 2792 1225 2877 Diogene
1237 2798 1348 2860 namet

283 2899 445 2966 Stobaeus
459 2899 528 2966 flor.
548 2905 621 2984 108,
641 2906 682 2965 72
697 2900 812 2967 Mein:
837 2898 867 2966 ἐν
883 2901 916 2964 δὲ
931 2911 992 2973 τοῖς
1014 2903 1153 2974 τοιοίιτοις
1168 2911 1283 2986 καιροῖς
1296 2904 1348 2966 aul

282 3011 429 3092 τερετίζων
452 3005 600 3095 ἀνεφὼνει.
634 3007 731 3073 habet
750 3012 948 3092 σοντερετίίειν
963 3006 1126 3092 Theophr.
1144 3007 1230 3073 char.
1250 3012 1302 3072 11.

348 3114 486 3197 paucula
508 3114 625 3179 addam
649 3114 688 3180 de
712 3115 815 3181 verbis
839 3113 1075 3198 decompositia
1110 3121 1185 3180 sunt
1208 3115 1348 3180 enimin

282 3219 343 3285 hoo
366 3242 509 3303 numero,
546 3243 682 3304 quorum
711 3221 856 3305 exempla
886 3222 972 3305 apud
1004 3221 1082 3300 alios
1106 3227 1162 3287 aut
1191 3221 1278 3287 nulla
1299 3243 1348 3286 re-

282 3328 388 3411 perias
412 3333 468 3394 aut
490 3350 602 3412 pauca.
635 3350 695 3414 pro
711 3334 949 3418 προσεκαόπτειν,
973 3329 1061 3412 quod
1075 3328 1124 3395 bis
1139 3327 1237 3395 habet
1253 3328 1347 3394 Peles

282 3437 384 3517 46,1.
408 3438 439 3518 4,
464 3440 691 3502 σοναποιιόιττειν
715 3435 793 3502 dicit
807 3436 1001 3502 Plutarchus
1025 3436 1064 3502 de
1087 3437 1202 3503 vitioso
1223 3436 1348 3520 pudore

281 3563 313 3625 ρ.
332 3540 439 3608 5290
461 3542 558 3626 idque
580 3543 613 3607 in
629 3543 780 3609 Teleteae
804 3543 898 3608 simili
915 3543 1095 3627 philosophi
1118 3565 1190 3609 cnm
1205 3543 1348 3626 agricola

283 3649 534 3732 comparatione.
570 3650 646 3714 item
678 3649 728 3716 bis
764 3649 883 3734 legitur
913 3653 1182 3740 τροσιιαταρθείρω
1215 3653 1269 3734 45,
1296 3654 1346 3716 12.

282 3757 336 3838 46,
358 3759 388 3837 9,
419 3756 507 3839 quod
529 3757 663 3839 praeivit
695 3756 832 3840 quodam
861 3756 958 3823 modo
984 3756 1160 3840 Sophocles
1187 3757 1272 3823 Phil.
1294 3763 1346 3840 76,

281 3862 337 3927 ubi
361 3866 409 3927 est
431 3863 681 3952 προσδιαφθείρω.
715 3884 774 3930 neo
790 3867 1016 3949 προσεκκότττειν
1031 3885 1091 3930 neo
1105 3867 1348 3953 προσιιαταρθεί-

281 3992 339 4054 ρειν
363 3969 438 4036 alibi
460 3993 511 4037 me
533 3971 641 4054 legere
664 3972 802 4037 memini.

347 4061 563 4162 posteriorum
585 4079 750 4162 proprium
774 4084 824 4148 est
848 4078 984 4160 διείάγωτ
1009 4084 1061 4162 32,
1077 4083 1116 4144 18
1137 4082 1174 4144 τὰ
1188 4076 1263 4145 καθ’
1276 4076 1347 4144 ἑαο-

281 4185 350 4256 τοὺς
377 4185 522 4270 λιτότερον
555 4185 732 4266 διεξάγουσιν
765 4190 795 4269 9,
822 4189 875 4250 12-
895 4185 1074 4274 διεξήγαγον.
1114 4185 1231 4268 legitur
1263 4187 1347 4252 enim

282 4290 367 4374 apud
382 4290 569 4357 Aristonem
586 4289 710 4376 Ohium,
732 4289 944 4378 Chrysippum
967 4291 1021 4380 (of.
1038 4292 1086 4368 A.
1099 4289 1232 4358 Gerchii
1246 4290 1346 4378 Chry-
