3388 5236
776 582 991 641 ..25-

418 769 622 835 cumulantur
649 769 792 854 perfecta
819 771 983 836 enuntiato
1011 769 1075 836 hoc
1102 774 1152 853 17,
1163 751 1207 834 Ι15
1233 767 1287 835 οόιι
1317 769 1419 858 ἀηδῶς

350 874 518 965 Φιλημων·
553 874 750 964 ἠγωνισμένου
788 883 845 962 γάρ
882 899 951 942 ποτε
989 873 1079 941 αὐτοῦ
1116 880 1168 941 οιαὶ
1206 876 1419 964 ἀπηλλαχότος

352 981 477 1055 ἀστείως
508 990 700 1056 συναντῶντός
727 1007 801 1056 τινες
823 982 874 1056 εῶς
897 981 1093 1072 εόημέρηιιας’
1117 984 1231 1073 ἔφασαν
1253 982 1417 1073 “Φιλημον’.

349 1087 440 1176 εὑμεῖς
464 1095 518 1177 μὲν
541 1088 599 1155 υόνῗ
623 1095 709 1180 φησίν
732 1089 840 1157 οἴεσθε
871 1088 947 1157 οὓτω
976 1094 1166 1178 τεθεαμένοι·
1192 1089 1249 1173 ἐγὼ
1280 1096 1332 1178 μὲν
1361 1095 1418 1177 γάρ

350 1195 396 1261 ἀεὶ
416 1195 534 1279 ἀγαθός
554 1196 593 1262 ὢν
615 1196 756 1263 διατελῶ.
795 1198 852 1265 sed
875 1204 1056 1284 temporum
1080 1197 1278 1265 differentiae
1302 1197 1418 1283 ubique

351 1304 562 1370 observantur
585 1327 624 1371 ex
646 1327 734 1372 more
754 1305 950 1389 Atticorum,
974 1306 1060 1372 velut
1084 1307 1180 1372 ctiam
1203 1307 1234 1371 in
1257 1306 1306 1372 his
1332 1310 1418 1390 37,4

348 1409 479 1497 ἢπάλιν
501 1411 676 1498 Λυσάνδρου
699 1422 749 1477 τοῦ
773 1411 955 1498 Σπαρτιάτου
982 1418 1024 1487 τίς
1051 1411 1231 1500 ἐντιμότερος
1259 1418 1373 1495 γέγονεν
1396 1411 1417 1500 ἢ

350 1529 438 1605 τιμῶν
455 1520 595 1584 πλειόνων
610 1517 742 1609 ἠξιώθη
761 1526 812 1603 39,
828 1526 847 1586 9
863 1527 1042 1609 παρήκμασε
1058 1525 1109 1586 καὶ
1124 1522 1242 1607 ἔρχεται
1257 1517 1299 1592 εἰς
1313 1531 1417 1607 γηρας.

349 1647 507 1709 nusquam
529 1624 707 1710 perfectum
730 1627 834 1693 induit
856 1633 1004 1694 naturam
1028 1629 1150 1694 aoristi.
1196 1631 1296 1710 utque
1326 1627 1416 1692 intel·

350 1731 487 1816 legatur,
512 1755 607 1817 quam
627 1734 728 1818 probe
745 1735 959 1820 distinguatur
975 1735 1088 1801 coristi
1102 1756 1178 1800 usus
1195 1740 1227 1800 et
1241 1733 1419 1817 imperfecti

349 1840 398 1905 vel
431 1841 527 1906 etiam
556 1842 735 1924 praesentis
764 1842 910 1908 historici
939 1842 1027 1926 quod
1054 1842 1164 1907 dicunt
1187 1863 1321 1926 quamve
1344 1847 1418 1924 apte

350 1946 444 2013 Tales
467 1949 500 2013 in
523 1948 619 2015 rebus
642 1950 811 2015 narrandis
833 1951 938 2016 lucem
966 1951 1056 2033 quasi
1085 1949 1257 2016 distribuat
1287 1955 1319 2014 et
1349 1970 1416 2013 um-

348 2054 451 2138 bram,
474 2056 568 2121 huius
591 2056 679 2124 modi
702 2058 766 2123 loci
787 2057 880 2122 velim
903 2057 1084 2123 accuratius
1105 2057 1316 2141 inspiciantur
1331 2055 1419 2122 velut

351 2166 380 2244 7,
399 2165 415 2225 1
434 2160 502 2226 ἀλλ’
517 2161 614 2249 ὥσπερ
632 2161 779 2252 Διογένης,
803 2161 864 2228 ἐπεί
887 2187 930 2237 τις
952 2163 1026 2229 ὤθει
1048 2167 1100 2227 καὶ
1119 2161 1308 2250 ἐτραχήλιζεν
1324 2161 1418 2227 ἀσθε-

348 2279 406 2341 νῶς
428 2269 545 2356 ἔχοντα,
578 2268 612 2334 οὐ
636 2271 881 2359 διετραχηλίζετο,
911 2270 991 2335 ἀλλὰ
1022 2272 1118 2344 δείξας
1146 2267 1225 2354 αὐτῷ
1255 2272 1303 2334 τὸν
1331 2266 1416 2334 πίονα

348 2372 493 2460 (βέλτιστέ
525 2377 582 2464 ἔφη
605 2375 713 2442 ’τοῦτον
743 2377 817 2443 ὤθει
845 2377 1003 2466 προσστάς’
1034 2378 1084 2445 vel
1110 2381 1219 2460 12,12
1250 2380 1301 2441 καὶ
1330 2379 1418 2441 πάλιν

348 2484 564 2571 παρειληφότος
585 2480 673 2548 abaco
691 2483 883 2572 Ἀλκιβιάδην
906 2483 951 2548 ἐπ’
976 2483 1101 2570 ἄριστον,
1125 2482 1167 2556 ὡς
1190 2482 1285 2571 ἐκείνη
1308 2484 1418 2569 παρελ-

349 2592 447 2653 θοῦσα
463 2593 514 2678 τὴν
524 2594 666 2676 τράπεζαν
678 2590 840 2678 ἀνέτρεψεν,
857 2588 912 2656 οὐκ
923 2589 995 2677 ἐβόα
1007 2588 1068 2657 ουδ’
1087 2589 1218 2655 ὠδυνᾶτο
1235 2591 1418 2656 δεινοπαθῶν

348 2693 381 2760 ‘rb
397 2707 450 2784 της
466 2703 658 2784 παρανομίας,
683 2697 758 2763 ὥστε
780 2701 872 2785 ταότη
888 2703 982 2785 (ταυτὶ
998 2700 1037 2764 ci.
1051 2698 1162 2786 Blass)
1178 2697 1325 2786 πάσχειν,
1348 2697 1416 2762 ἀλλ’

350 2801 495 2877 ἀναλέξας
507 2808 544 2869 τά
559 2810 693 2882 πεσόντα,
709 2804 882 2871 ἀποθέσθαι
897 2806 985 2870 πάλιν
997 2803 1133 2870 ἐκέλευσε
1148 2809 1196 2870 τόν
1213 2803 1418 2892 Ἀλκιβιάδην.

352 2911 408 2976 sed
421 2912 499 2978 talia
514 2912 691 2978 exscribere
707 2913 837 2997 longum
853 2919 912 2979 est.
945 2919 1079 2998 perapte
1093 2935 1112 2979 a
1124 2912 1284 2978 sedatiore
1301 2912 1417 2978 descri-

351 3018 448 3084 bendi
468 3041 583 3103 genere
606 3021 657 3086 cui
671 3021 861 3104 imperfecta
876 3021 1053 3087 inserviunt
1068 3021 1110 3087 ad
1125 3025 1252 3104 tempus
1267 3040 1419 3104 praesens

351 3127 507 3192 transitur
529 3127 578 3193 his
596 3132 661 3212 9,1
687 3127 842 3195 κάνταῦθα
862 3128 926 3210 άγει
949 3125 1035 3194 αότδν
1058 3131 1110 3192 καὶ
1132 3125 1173 3201 εἰς
1195 3129 1263 3200 τοὺς
1278 3130 1419 3213 θέρμους.

352 3233 439 3315 quod
462 3233 556 3300 facile
580 3235 698 3302 sentiet
720 3236 775 3318 qui
798 3235 875 3319 quid
898 3233 1025 3301 efficere
1049 3234 1183 3300 voluerit
1198 3232 1291 3300 Tales
1307 3231 1420 3299 festiva

349 3339 404 3406 illa
419 3342 604 3409 narratione
619 3343 827 3427 perspexerit.
868 3344 996 3409 omniuo
1018 3347 1126 3408 autem
1148 3341 1227 3407 illud
1246 3340 1419 3407 variandae

350 3449 505 3515 orationis
526 3449 666 3515 studium
687 3449 774 3534 quod
796 3471 891 3517 curae
907 3455 978 3516 erat
994 3449 1143 3534 scriptori
1159 3450 1257 3516 etiam
1273 3448 1315 3514 ad
1330 3447 1419 3514 verbi

349 3561 496 3640 tempora
510 3557 658 3642 pertinet.
694 3557 779 3622 velut
798 3557 878 3623 haec
896 3558 923 3622 si
938 3557 1046 3640 piacet
1060 3557 1144 3623 iuter
1160 3578 1194 3622 se
1211 3555 1418 3621 conferantur

352 3667 402 3747 16,
419 3667 458 3728 12
483 3668 508 3728 τί
524 3664 623 3728 δὲκαὶ
639 3664 768 3754 διαφέρει
784 3663 885 3751 όίρχειν
899 3663 920 3751 ἢ
935 3662 1089 3736 ἰδιωτεόειν
1108 3669 1160 3748 17,
1173 3669 1192 3728 2
1211 3667 1237 3728 τί
1252 3660 1302 3726 οὖν
1318 3662 1419 3726 διοίσει

349 3793 408 3856 μοι,
431 3768 456 3835 εἰ
478 3769 520 3859 μὴ
543 3770 623 3857 ἄρξω
647 3771 726 3837 ἀλλά
748 3769 905 3836 ἰδιωτεόσω
922 3775 1023 3855 6121,
1040 3776 1079 3837 10
1103 3776 1129 3836 τί
1150 3772 1182 3835 δὲ
1202 3773 1253 3834 καὶ
1274 3770 1418 3858 διαφέρειν

349 3875 384 3941 ἂν
409 3879 493 3952 δόξαι
516 3877 562 3942 ἐπὶ
586 3880 671 3966 ξένης
693 3890 830 3969 ταφῆναι.

417 3984 495 4051 dicit
523 3989 631 4075 φεόγω,
664 3989 818 4075 φεόγοντες
846 3986 886 4052 de
910 3986 1069 4052 exsulibus
1093 3985 1188 4052 Teles
1212 3985 1267 4072 (cf.
1291 3985 1416 4069 Krucg.

351 4096 406 4174 53,
435 4095 468 4175 1,
496 4095 529 4177 3)
554 4098 589 4177 8,
608 4098 638 4162 9.
671 4095 730 4176 45,
750 4097 785 4176 3,
817 4093 902 4158 idem
935 4098 1031 4182 φυγὰς
1063 4092 1103 4160 ἰόν
1138 4096 1188 4175 15,
1215 4097 1254 4158 19
1289 4093 1418 4181 φυγάδες

348 4203 495 4285 γενόμενοι
530 4197 672 4284 ‘fliichtig
706 4198 884 4286 gewordeu’
918 4205 976 4283 15,
1008 4205 1047 4266 15
1083 4200 1221 4290 φυγάδων
1255 4204 1416 4285 γενομένων

351 4311 402 4388 15,
422 4311 450 4370 ι.
