3388 5236
694 585 912 643 ..21-

339 771 424 846 οίιτος
446 795 624 858 pronomen
652 773 788 839 itansere
810 773 941 840 adhibet
963 773 1058 839 Teles
1087 779 1123 838 ut
1148 774 1188 838 ab
1212 774 1340 840 Attico-

271 904 342 946 rum
366 902 480 946 norma
501 902 567 946 non
589 880 731 946 recedat.
768 901 872 963 neque
896 881 980 945 enim
1003 881 1080 945 talia
1103 879 1182 944 ἀλλὰ
1198 885 1281 945 τοῦτο’
1296 905 1339 962 γε,

269 987 427 1076 εὑρεθῆναι
456 993 508 1075 τὴν
537 988 662 1072 πατρίδα
690 990 853 1073 μοχθηρὰν
879 991 931 1050 καί
957 986 1117 1073 ἀχάριστον
1144 983 1249 1064 οὖσαν,
1276 1000 1340 1061 πῶς

271 1092 325 1160 οὐκ
348 1094 527 1182 ἀκλήρημα;
555 1098 672 1177 18,12,
696 1094 746 1160 vel
768 1094 847 1160 haec
871 1094 1049 1159 ἐπυνθάνετο
1072 1091 1097 1158 εί
1120 1095 1169 1157 διὰ
1186 1103 1269 1158 τοῦτο
1285 1091 1340 1158 οὐκ

272 1201 378 1287 ἀριστᾷ
400 1199 443 1266 ὅτι
466 1199 485 1289 ἡ
509 1200 586 1286 ὄρνις
609 1198 754 1265 ἐπιστᾶσα
776 1202 940 1285 καταβάλοι
968 1205 1017 1282 13,
1038 1205 1078 1266 10
1105 1200 1226 1266 habent
1253 1203 1338 1285 quic-

269 1331 366 1393 quam
388 1308 507 1374 insoliti
532 1307 586 1392 (cf,
606 1307 731 1393 Krueg.
755 1311 806 1386 51,
825 1314 854 1391 7,
873 1308 917 1393 3),
941 1329 1013 1372 cum
1035 1309 1224 1392 praesertim
1246 1330 1338 1391 prae-

270 1415 365 1482 cedat
380 1415 477 1481 modo
502 1413 543 1486 ὡς
566 1413 586 1502 ἡ
610 1413 687 1497 ὄρνις
710 1412 862 1501 ἡγενναία
885 1412 1030 1478 ἐπιπτᾰσα
1053 1416 1197 1499 κατέβαλε
1220 1418 1267 1479 τὸν
1290 1420 1338 1479 πί-

269 1544 346 1589 νακα
361 1527 412 1605 13,
428 1527 457 1586 7.
481 1519 578 1586 οίτοσί
593 1526 709 1606 quater
722 1521 850 1605 legitur,
872 1520 943 1586 vide
962 1521 1027 1588 ind.
1044 1521 1167 1603 vocab,
1184 1521 1233 1586 vel
1248 1523 1337 1605 quin-

269 1631 374 1714 quies3
390 1651 464 1695 nam
480 1632 561 1693 ταυτί
577 1629 676 1694 suasit
691 1627 786 1694 Blass
802 1632 852 1710 13,
869 1633 897 1692 2.
923 1628 1022 1694 dictio
1034 1632 1086 1692 καί
1101 1625 1185 1701 οὗτος
1197 1628 1336 1713 (Krueg.

271 1742 322 1821 51,
339 1743 356 1801 7
361 1788 369 1819 ,
389 1740 443 1822 13)
471 1741 577 1801 exstat
601 1740 692 1820 3o,4
714 1733 854 1823 ὑπόδημα
877 1735 965 1821 ἔχειν,
988 1739 1039 1799 καί
1062 1745 1145 1800 τοῦτο
1169 1735 1337 1801 ἀκάττυτον.

335 1845 368 1908 in
392 1844 516 1929 syntaxi
537 1844 735 1928 pronominis
764 1840 875 1914 ἐκεῖνος
899 1843 1070 1928 (nusquam
1092 1843 1210 1926 legitur
1231 1854 1335 1920 κεῖνος,

269 1951 309 2016 cf.
322 1949 560 2016 Meisterhans²
574 1972 606 2033 p.
623 1954 696 2032 122,
710 1950 744 2035 7)
761 1949 838 2014 nihil
853 1950 981 2034 repperi
997 1948 1084 2032 quod
1098 1950 1336 2016 consuetudinis

268 2058 401 2124 Atticae
424 2056 504 2123 fines
529 2056 722 2141 egrediatur.
755 2057 826 2122 vide
845 2057 910 2122 ind.
926 2077 995 2123 voc.

333 2165 499 2230 relativum
524 2169 573 2229 est
596 2163 774 2229 subiectum
796 2163 934 2248 genetivi
960 2162 1100 2230 absoluti
1127 2163 1186 2250 (cf.
1208 2163 1334 2247 Krueg.

270 2276 322 2354 51,
340 2275 371 2355 9,
389 2271 428 2358 2)
452 2268 491 2335 ὧν
514 2275 570 2354 γὰρ
594 2268 781 2356 ὑπαρξάντων
803 2269 956 2354 ἄνθρωποι
979 2271 1135 2335 λυποῦνται
1157 2274 1212 2355 43,
1227 2275 1257 2336 5.
1287 2292 1336 2336 re-

267 2379 354 2444 lativi
378 2379 570 2444 attractione
593 2378 641 2442 vel
664 2378 773 2460 potius
797 2378 1024 2444 assimilatione
1043 2379 1138 2444 'Peles
1162 2379 1265 2443 utitur
1287 2378 1336 2444 bis

270 2489 377 2569 32,19
401 2483 613 2566 ἀναγκάζονται
635 2486 734 2549 πολλὰ
757 2483 797 2550 ὧν
820 2483 854 2549 οὐ
877 2486 1029 2570 βυυλονται
1049 2489 1101 2570 35,
1118 2489 1157 2550 13
1173 2487 1263 2549 πλείω
1279 2490 1336 2572 γὰρ

270 2591 330 2678 ὁρῶ
354 2615 400 2657 σοι
419 2590 589 2679 ὑπάρχοντα
605 2642 611 2656 .
628 2642 635 2656 .
652 2642 659 2657 .
675 2591 715 2658 ὧν
737 2592 860 2679 ἔγραψεν
876 2591 1098 2680 Ἀριστοτέλης
1122 2593 1256 2659 eandem
1279 2615 1336 2657 cur

269 2701 430 2784 respuerit
454 2705 506 2783 26,
524 2705 563 2765 12
588 2704 768 2773 σπανίζουσιν
792 2697 869 2764 οὗτοι
885 2702 991 2765 τουτων
1008 2700 1154 2787 ἃέχουσι,
1177 2699 1271 2767 facile
1287 2705 1336 2766 est

266 2807 432 2873 intellectu
489 2807 598 2873 dumus
622 2807 705 2872 enim
729 2828 798 2872 sese
822 2809 1021 2890 excepissent
1049 2804 1126 2870 oium
1155 2805 1194 2871 ὧν
1222 2806 1334 2892 ἔχουσι,

267 2937 350 2981 nunc
381 2921 413 2981 et
441 2915 638 2981 commodius
664 2915 809 2998 loquitur
836 2914 932 2980 'Peles
961 2920 993 2980 et
1019 2915 1115 2998 paulo
1147 2915 1333 3000 elegantius,

267 3024 294 3087 si
316 3024 424 3088 tamen
449 3023 651 3088 occasionem
675 3027 788 3087 nactus
805 3028 855 3087 est
879 3021 1019 3087 eiusdem
1036 3021 1234 3104 pronominis
1250 3019 1335 3093 οὗτος

267 3130 347 3195 duas
371 3130 510 3195 diversas
533 3128 653 3194 formas
677 3128 890 3212 coniungendi
912 3149 1000 3194 more
1017 3125 1229 3194 Graecomm.
1263 3128 1334 3193 sub-

268 3236 459 3302 audiendum
484 3242 533 3302 est
556 3234 635 3300 οὗτοι
656 3237 689 3301 in
711 3237 760 3300 his
784 3240 837 3319 21,
856 3242 874 3301 7
904 3233 930 3300 οἱ
954 3239 1006 3321 μὲν
1029 3239 1085 3319 γὰρ
1110 3238 1266 3322 στρατηγοί
1289 3233 1335 3323 ἐφ’

266 3343 311 3417 οἷς
331 3345 573 3421 καλλωπίζονται,
597 3342 743 3429 ὑπερόρια
766 3346 946 3430 τεθαμμένοι
969 3340 1032 3407 είσί.

333 3452 515 3535 pronomini
538 3451 791 3517 demonstrativo
813 3459 950 3522 τοσοῦτος
971 3450 1145 3534 respondet
1168 3449 1334 3514 relativum

266 3557 300 3630 ὅς
323 3563 413 3642 27,7
438 3558 515 3646 ἔχειν
543 3563 653 3647 τροφὴν
680 3556 700 3643 ἢ
724 3561 856 3645 τοιαυτην
880 3556 971 3644 ἔχειν,
999 3555 1037 3643 ἧς
1065 3554 1099 3620 od
1127 3561 1169 3644 μὴ
1197 3558 1334 3644 γείισηται

267 3665 403 3751 (Krueg.
424 3669 459 3730 51
467 3715 476 3748 ,
492 3670 542 3749 13,
558 3666 624 3751 16),
648 3665 737 3748 quod
760 3666 856 3730 etiam
878 3665 980 3748 magis
1004 3669 1253 3730 cousentaneum
1274 3669 1333 3746 est,

266 3772 321 3837 ubi
344 3772 409 3838 duo
432 3772 630 3856 praecedunt
654 3771 906 3837 demonstrativa
929 3771 1068 3836 diversa:
1095 3775 1205 3854 31,12
1230 3773 1333 3834 τοσου-

265 3902 321 3943 των
344 3883 395 3944 καί
418 3881 552 3944 τοιουτων
576 3877 606 3952 ἐξ
630 3877 669 3943 ὧν
686 3928 692 3942 .
709 3928 740 3942 ..
763 3878 852 3942 ἔσται.

332 3985 367 4060 ὅς
388 3987 475 4053 haud
497 4009 572 4053 raro
596 3994 706 4071 partes
729 3987 891 4070 suscipere
913 3987 1110 4070 pronominis
1126 3983 1333 4062 ‘o'ccrcnotum

266 4101 315 4160 est
339 4094 393 4182 (cf.
413 4098 520 4178 34,12
543 4097 718 4179 πορίζεσθαι
740 4091 780 4158 ὧν
803 4091 837 4157 άν
861 4090 1002 4179 ἐπιθυμῇ,
1026 4092 1152 4175 Krueg.
1177 4096 1229 4176 51,
1242 4098 1272 4173 8,
1285 4090 1332 4178 4).

264 4203 368 4266 rarius
384 4201 501 4266 accidit
517 4207 554 4266 ut
565 4199 644 4272 ὅστις
659 4206 799 4289 ponatur
810 4199 865 4265 ubi
878 4205 1082 4284 exspectetur
1093 4197 1134 4271 ὅς.
1158 4200 1203 4264 sic
1215 4199 1333 4283 legitur

263 4305 321 4382 ἕως
337 4305 404 4372 ὅτου
418 4313 470 4390 27,
486 4313 515 4392 6,
532 4309 603 4377 vide
615 4307 741 4391 Krueg.
756 4310 809 4390 51,
821 4312 852 4389 8,
867 4310 885 4369 3
900 4311 932 4372 et
948 4306 1034 4392 quod
1045 4304 1226 4372 monebitur
1237 4303 1331 4372 iufra.
