3398 5230
779 545 998 606 -42-

355 727 446 797 καίων
470 729 571 820 ἐνδεὴς
593 731 632 810 εἶ;
656 738 688 817 4,
709 739 741 799 8.
776 735 822 800 sic
851 735 947 801 etiam
973 737 1098 818 14,10.
1125 738 1176 817 15,
1201 738 1229 802 l.
1257 738 1290 799 4.
1325 736 1420 802 intor-

354 838 509 905 locutoris
532 839 630 905 verba
652 840 739 907 haud
762 862 835 907 roro
860 863 880 906 a
902 840 1061 924 particulo
1083 839 1163 904 ἀλλά
1178 842 1334 926 incipiunt
1358 847 1419 926 2,5

355 945 435 1010 ἀλλὰ
457 950 509 1012 ναί
531 945 665 1031 ἀνδρεῖος
687 945 723 1012 ἂν
746 949 861 1034 μᾶλλον
883 949 1042 1037 βουλοίμην
1065 948 1161 1013 δοκεῖν
1184 945 1204 1035 ἢ
1227 946 1306 1014 εἶναι.
1331 953 1421 1033 20,4

356 1052 435 1116 ἀλλὰ
463 1056 515 1119 ναί
542 1051 586 1117 ὅτι
612 1059 748 1141 μέτοικος
775 1052 834 1118 κτὲ.
863 1054 917 1141 (of.
939 1054 1050 1122 adnot.
1073 1055 1219 1140 editoris)
1250 1060 1280 1137 9,
1303 1062 1322 1121 8
1354 1053 1427 1121 ἀλλ’·

355 1157 437 1246 ὅμως
460 1160 542 1224 δοκεῖ
562 1158 620 1224 κτὲ.
649 1164 698 1244 19,
716 1167 747 1229 2.
786 1165 835 1242 16,
853 1167 873 1226 6
897 1157 964 1225 ἀλλ’
987 1160 1016 1226 ἔν
1040 1184 1072 1243 γε
1087 1171 1123 1248 τῇ
1137 1159 1198 1245 ἰδία
1212 1160 1272 1227 κτὲ.
1298 1167 1419 1245 16,12.

357 1270 408 1349 21,
423 1270 453 1331 2.
493 1270 576 1351 17,3
600 1264 668 1332 ἀλλ’
691 1265 759 1332 οὐδὲ
782 1265 914 1342 ἐξουσίαν
936 1266 1011 1342 ἕξεις
1033 1266 1091 1332 rot.
1124 1267 1164 1334 of.
1181 1273 1234 1353 47,
1249 1275 1268 1334 3
1284 1274 1338 1334 ναί·
1354 1267 1422 1334 ἀλλ’

355 1370 451 1438 συκέα
473 1372 563 1440 ἔσται.
595 1374 644 1440 bis
672 1374 788 1460 legitur
811 1372 845 1439 σί)
868 1380 1014 1462 μόνον...
1038 1373 1118 1440 ἀλλὰ
1139 1380 1191 1440 καί
1205 1378 1259 1458 41,
1274 1381 1305 1442 5.
1320 1381 1375 1461 47,
1389 1382 1420 1444 9.

356 1501 373 1544 e
397 1481 511 1546 ceteris
540 1480 666 1547 dicendi
691 1481 835 1548 formulis
862 1483 895 1546 in
922 1481 1027 1549 indice
1051 1484 1244 1549 enumeratis
1266 1484 1327 1550 hoo
1349 1483 1420 1551 looo

355 1607 568 1653 commemoro
601 1585 671 1653 οἰλλ>
701 1586 736 1652 ἐκ
765 1599 820 1655 τῶν
852 1586 983 1655 ἐναντίων
1015 1592 1068 1672 44,
1094 1595 1113 1654 9
1145 1596 1178 1656 et
1208 1591 1294 1673 quod
1324 1591 1421 1657 etism

354 1695 475 1760 maiore
504 1694 646 1779 pondero
678 1696 794 1761 dicitur
823 1693 891 1759 ἀλλ’
918 1693 1000 1782 ὅμως
1022 1694 1109 1761 ταῦθ’
1136 1694 1259 1781 ὁρῶντες
1286 1701 1420 1785 γινόμενα

354 1797 438 1866 οὐδὲν
460 1799 545 1889 ἦττον
568 1802 792 1888 νακοδαιμονεῐν
816 1802 922 1867 οἴονται
947 1808 999 1886 36,
1018 1808 1047 1868 7.

422 1906 519 1973 semel
540 1908 658 1993 legitur
680 1919 743 1981 πῶς
767 1909 798 1973 δὲ
821 1905 877 1973 οὐκ
899 1908 1051 1991 ἀλόγιστον
1073 1913 1133 1974 καί
1156 1909 1274 1982 ἄλλως
1297 1915 1420 1997 μάταιον

354 2018 479 2097 45,10.
512 2014 551 2080 of.
573 2015 658 2084 Plat.
679 2015 801 2082 Phaed.
823 2014 882 2082 sub
906 2015 959 2081 fin.
982 2015 1101 2100 ἀρίστου
1123 2020 1175 2081 καί
1197 2016 1298 2089 ἄλλως
1321 2039 1420 2106 φρονι-

354 2126 490 2208 μωτάτου
512 2125 563 2186 καί
587 2123 780 2200 διναιοτάτου,
804 2123 859 2189 ubi
882 2121 982 2194 ἄλλως
1006 2122 1091 2188 delet
1116 2120 1249 2190 Sohanz.

400 2230 439 2295 de
461 2230 619 2313 particula
642 2228 706 2317 ἅμα
729 2251 828 2314 supra
849 2231 959 2297 monui
981 2251 1013 2314 p.
1032 2234 1074 2294 36
1092 2235 1124 2297 st
1141 2234 1193 2296 37.
1228 2228 1293 2317 ἅμα
1309 2235 1361 2318 μέν
1373 2280 1380 2295 .
1393 2279 1420 2296 ..

354 2336 418 2425 ἅμα
442 2339 474 2403 δέ
496 2338 614 2422 legitur
636 2342 748 2422 47,15
773 2338 912 2424 (Krueg.
931 2342 983 2422 59,
1003 2342 1032 2422 1,
1048 2340 1093 2424 4).

422 2427 461 2493 do
484 2426 519 2494 ἄν
542 2428 700 2511 particula
723 2449 804 2511 quae
828 2428 909 2494 soitu
926 2428 1022 2512 digna
1045 2433 1130 2511 sunt,
1155 2448 1193 2493 ea
1208 2449 1306 2511 supra
1326 2429 1421 2494 variis

354 2534 434 2601 loois
461 2533 591 2618 prolata
623 2539 706 2602 sunt.
741 2534 791 2600 bis
820 2535 952 2619 ponitur
981 2533 1016 2600 ἄν
1047 2535 1080 2599 in
1110 2535 1224 2601 eodem
1254 2536 1419 2602 enuntiato

355 2639 412 2729 οὐχ
427 2639 468 2714 ὡς
483 2639 518 2707 ἂν
534 2638 657 2729 Ἀττικὴ
672 2644 743 2729 γυνὴ
759 2639 914 2706 ἀνουσασα
931 2647 1112 2728 σεσωσμένον
1132 2640 1256 2728 ἔργαψεν
1276 2640 1311 2707 ἄν
1331 2645 1386 2726 44,
1401 2647 1418 2707 7

354 2749 496 2833 (Krueg.
518 2753 571 2833 69,
594 2754 623 2832 7,
647 2751 691 2833 3).
723 2748 859 2815 alterum
887 2748 1065 2833 exemplum
1093 2749 1263 2832 genuinum
1284 2770 1348 2815 non
1371 2755 1421 2816 est

354 2859 430 2943 ταχὺ
453 2853 516 2940 γ’ἄν
543 2860 595 2944 καί
617 2855 701 2945 ἡμῶν
728 2879 770 2928 τις
792 2853 827 2921 ἂν
850 2858 1027 2944 κοιμηθείη;
1054 2859 1103 2937 12,
1123 2861 1140 2920 7
1168 2856 1284 2923 lectori
1311 2857 1419 2924 nescio

354 2965 406 3029 cui
428 2964 462 3030 id
484 2964 597 3032 tribuit
619 2962 734 3047 Cobet,
759 2964 965 3048 epitomatori
988 2962 1088 3029 Diels.
1124 3005 1125 3008 =

420 3071 480 3157 ἄρα
503 3074 601 3139 semel
623 3072 748 3156 legitur,
773 3072 890 3138 sivero
914 3076 964 3138 est
979 3071 1215 3138 Wilsmowitzii
1235 3071 1420 3138 coniectura

355 3185 407 3263 26,
433 3184 474 3245 14
497 3178 565 3245 οὐδὲ
587 3179 647 3265 ἄρα
669 3178 739 3258 rot,
762 3179 920 3264 particula
946 3177 984 3244 αί)
1006 3179 1144 3246 fortasse
1167 3201 1208 3246 ne
1231 3177 1329 3246 semel
1352 3180 1419 3263 qui-

354 3287 441 3371 dem,
472 3289 499 3352 si
522 3293 630 3353 tamen
659 3289 728 3354 iure
758 3287 875 3353 editori
898 3293 1049 3372 suspecta
1072 3292 1121 3352 est
1143 3286 1238 3354 lectio
1266 3286 1420 3352 librorum

353 3399 407 3479 41,
430 3399 470 3460 12
495 3391 587 3467 otro<
609 3391 647 3459 αὖ
671 3395 756 3479 δεῦρο
779 3392 925 3458 ἐπίκειται.
962 3393 1001 3462 oi.
1018 3393 1082 3461 ind.
1100 3415 1168 3459 νου.
1185 3415 1210 3462 s.
1226 3395 1323 3462 πάλιν.

420 3507 476 3586 γάρ
499 3501 656 3587 particula
680 3523 762 3585 quae
785 3502 870 3567 haud
885 3523 960 3567 rara
983 3506 1032 3567 est
1054 3501 1087 3565 in
1104 3501 1245 3585 epitoma
1259 3501 1421 3584 legeretur

353 3608 491 3675 fortasse
508 3609 602 3676 etiam
615 3608 751 3692 saepius,
768 3609 795 3674 si
810 3608 914 3675 minus
927 3629 1037 3674 amans
1052 3606 1165 3673 fuisset
1177 3607 1315 3691 scriptor
1329 3629 1420 3694 asyn-

354 3716 430 3798 deti,
449 3717 563 3801 dequo
577 3715 668 3782 infra.
693 3736 713 3781 a
728 3716 892 3798 particulis
904 3717 955 3780 καί
970 3719 1027 3799 γάρ
1043 3714 1092 3780 vel
1104 3710 1172 3778 ουδὲ
1184 3718 1240 3799 γάρ
1253 3735 1316 3780 non
1331 3736 1420 3780 num-

354 3844 450 3907 quam
465 3824 631 3890 enuntiata
645 3823 811 3908 incipiunt,
836 3823 950 3908 quibus
970 3820 1182 3907 respondetur
1197 3821 1420 3888 interlocutori

353 3937 410 3997 aut
432 3953 490 4016 per
512 3932 649 3997 ironiam
668 3929 755 3997 velut
778 3935 841 4014 2,8
866 3929 1030 4018 Τιμήσουσί
1052 3953 1097 4016 με.
1115 3967 1155 3976 -
1173 3927 1236 3993 Καὶ
1259 3932 1315 4014 γὰρ
1339 3951 1420 4013 πρυ-

353 4044 492 4126 τοστοίτην
513 4061 545 4103 σε
560 4044 778 4126 καταστήσουσι
797 4041 848 4102 καί
863 4046 1043 4125 μονομαχεῖν
1058 4037 1229 4100 κελείνσουσι
1244 4033 1304 4100 κτὲ.
1327 4040 1381 4120 47,
1401 4041 1418 4100 7

353 4151 410 4212 aut
431 4168 489 4231 por
517 4147 644 4212 solitam
671 4146 832 4230 quandam
860 4145 985 4228 ellipsin
1012 4143 1066 4229 (of.
1086 4143 1212 4227 Krueg.
1238 4148 1290 4226 69,
1314 4147 1364 4227 14,
1388 4145 1420 4228 7)

353 4254 438 4320 velut
464 4258 515 4337 17,
530 4258 548 4318 3
573 4250 658 4317 Ἀλλ’
677 4249 745 4316 οὐδὲ
761 4249 893 4326 ἐξουσίαν
908 4250 983 4326 ἕξεις
998 4248 1139 4316 εἰσελθεῖν
1155 4248 1196 4324 είς
1212 4255 1262 4338 τὴν
1276 4248 1362 4318 ἰδίαν.
1375 4289 1419 4298 -
