3388 5236
797 546 1017 607 ,32-

375 741 426 818 37,
440 741 460 800 8
477 758 526 822 μοι
542 737 676 801 δοκοῦσιν
694 741 746 820 36,
762 739 813 801 10.
845 738 1041 802 constructio
1057 737 1137 804 haec
1154 741 1184 821 5,
1198 744 1218 803 8
1235 736 1292 819 ἐγὼ
1309 742 1362 824 μέν
1382 742 1438 823 γάρ

372 841 453 926 (ἂν)
475 844 555 908 δοκῶ
577 842 696 931 ἄφωνος
718 846 856 925 γενέσθαι
879 850 912 909 et
925 843 982 910 illa
1005 848 1117 926 35,11
1142 843 1200 926 ἐγώ
1224 867 1274 931 μοι
1297 845 1440 920 δοκῶ..,

372 955 491 1037 γράψειν
516 973 580 1035 quo
603 951 699 1017 modo
719 951 804 1017 inter
825 971 859 1016 se
878 949 1026 1016 differant
1041 973 1105 1017 non
1121 951 1238 1017 attinet
1253 951 1440 1035 explicatius

373 1079 542 1142 exponere,
559 1058 630 1123 vide
645 1057 770 1142 Krueg.
785 1061 837 1139 51,
852 1062 881 1139 2,
903 1061 931 1122 1.
948 1058 1098 1124 notabilis
1116 1063 1165 1124 est
1179 1057 1316 1124 formula
1329 1063 1380 1140 29,
1398 1061 1435 1121 11

372 1162 413 1236 ὡς
444 1163 537 1230 ἔοικεν
570 1165 653 1250 (vide
677 1165 789 1230 Hense
813 1163 883 1230 Tel.
907 1186 939 1248 p.
955 1164 1182 1250 XXXVIH).
1230 1164 1285 1230 sed
1320 1166 1438 1248 legitur

372 1275 463 1354 24,4
490 1269 547 1360 οὐχ
576 1270 649 1357 ὁρᾷς
672 1270 764 1343 ἐνίους
787 1277 985 1359 κεκτημένους
1014 1276 1066 1358 μὲν
1096 1274 1194 1337 πολλὰ
1221 1270 1263 1345 ὡς
1293 1273 1438 1349 δοκοῦσιν,

371 1400 435 1462 qua
459 1379 499 1443 de
523 1384 685 1445 structura
709 1379 748 1444 cf.
773 1378 898 1462 Krueg.
925 1383 977 1463 55,
993 1382 1024 1462 4,
1043 1384 1072 1446 3.
1120 1382 1276 1469 μαίνεσθαι
1306 1379 1438 1445 verbum

373 1492 430 1551 aut
459 1487 671 1553 nominativus
701 1508 773 1552 cum
801 1485 954 1552 infinitivo
979 1487 1152 1553 comitatur
1175 1492 1232 1552 aut
1255 1486 1315 1552 soli
1338 1487 1436 1552 nomi-

371 1593 484 1659 nativi:
510 1595 653 1679 exempla
677 1593 817 1659 exhibita
840 1598 914 1659 suut
937 1593 1002 1658 ind.
1026 1614 1093 1659 voc.
1117 1617 1148 1678 p.
1166 1597 1221 1658 85.

437 1722 540 1784 neque
564 1705 746 1766 structurae
769 1699 938 1766 verborum
962 1700 1098 1784 dicendi,
1122 1700 1261 1785 iubendi,
1287 1699 1435 1765 similium

371 1808 595 1873 consuetudini
617 1807 802 1873 Atticorum
834 1806 1001 1891 differunt,
1030 1807 1093 1873 vid.
1116 1807 1182 1874 ind.
1207 1828 1276 1872 voc.
1302 1829 1326 1872 s.
1357 1809 1435 1889 λέγω

368 1921 444 2003 μημί
470 1917 592 1980 κελείιω.
639 1921 819 1981 structurae
849 1915 958 2000 quales
987 1921 1062 1980 suut
1095 1920 1216 1999 πότερον
1250 1923 1300 1978 τοῦ
1333 1912 1434 1998 ἰατροῦ

368 2019 453 2095 εἶπας
475 2020 510 2088 ἂν
534 2021 646 2095 ὄνειδος
668 2026 718 2087 καί
741 2021 904 2110 ἀκλήριρμα
927 2031 1011 2087 τουτο
1034 2019 1053 2108 ἢ
1076 2033 1132 2086 τῶν
1155 2019 1300 2107 ἑλομένων
1327 2023 1431 2103 18,11

368 2129 484 2194 similes
516 2130 597 2196 adeo
621 2130 766 2214 vulgares
798 2135 882 2213 sunt,
915 2135 951 2194 ut
980 2128 1099 2194 fusiore
1129 2127 1340 2214 explicatione
1370 2148 1434 2192 non

366 2235 541 2320 indigeant,
565 2237 636 2302 vide
658 2237 786 2321 Krueg.
811 2240 863 2319 55,
881 2240 913 2320 4,
930 2240 962 2306 4.
1001 2237 1088 2300 εἰπεῖν
1112 2233 1153 2308 ὡς
1167 2285 1174 2301 .
1189 2284 1218 2300 ..
1242 2237 1432 2322 μετατίθησιν

365 2343 481 2427 legitur
504 2350 556 2426 26,
571 2349 590 2409 9
614 2345 707 2425 λέγων
731 2342 793 2410 ὅτι.
809 2392 837 2408 ..
864 2339 989 2430 ὑπάρχει
1015 2346 1066 2425 35,
1087 2348 1103 2406 7
1134 2341 1430 2424 ἀπαγγείλαντος...

365 2449 408 2515 ὅτι
422 2501 428 2513 .
443 2503 472 2518 ..
497 2453 681 2539 neasletanus
704 2453 758 2534 44,
774 2454 823 2516 12.
871 2452 922 2512 καί
945 2446 1112 2522 ὀνειδίζουσι
1135 2453 1187 2535 μὲν
1210 2445 1253 2512 ὅτι
1267 2497 1275 2514 .
1289 2502 1296 2516 .
1312 2501 1318 2517 .
1346 2451 1396 2529 19,
1410 2452 1430 2511 8

366 2560 480 2645 (2114)
497 2558 536 2623 ef.
553 2559 677 2642 Krueg.
693 2561 745 2640 65,
762 2561 791 2639 l,
804 2560 835 2624 4.
873 2556 990 2622 obiecti
1013 2577 1109 2640 quam
1133 2541 1245 2621 dicunt
1266 2555 1431 2638 prolepsin

364 2665 397 2728 in
420 2666 524 2731 verbis
547 2663 737 2752 ἐγκωμιάζων
759 2666 852 2746 λέγειν
876 2667 923 2730 τὸν
942 2661 1102 2728 Ἐτεοκλέα
1119 2664 1255 2733 διότι...
1272 2660 1374 2751 ἐνδεὴς
1395 2659 1431 2748 ἦν

365 2772 503 2856 explicat
525 2773 676 2856 Krueger
700 2775 752 2856 61,
767 2776 796 2854 6,
810 2773 843 2839 2.

394 2880 396 2885 ’
430 2901 494 2946 uon
528 2880 741 2946 necessarium
774 2878 884 2964 putavi
916 2878 950 2942 in
984 2876 1202 2960 superioribus
1234 2875 1428 2959 distinguere

363 2989 561 3054 accusativos
585 3010 658 3055 cum
680 2987 833 3052 infinitivo
855 2992 888 3051 et
907 2985 1117 3051 nominativos
1135 2989 1168 3050 et
1185 2983 1318 3054 dativos.
1354 3003 1427 3048 con·

364 3098 487 3180 spirant
510 3098 594 3163 enim
610 3097 731 3163 Teletis
747 3097 888 3162 rationes
905 3116 977 3159 cum
993 3092 1199 3168 Atticorum.¹
1229 3092 1323 3157 etiam
1347 3110 1428 3174 quae

361 3204 540 3286 praedicati
561 3205 629 3269 vice
653 3203 812 3270 accedunt
835 3201 994 3267 infinitivis
1017 3201 1158 3283 nomina,
1183 3199 1365 3264 adiciuntur
1389 3218 1428 3262 ex

361 3333 475 3378 norma
498 3313 637 3398 syntaxis
660 3310 802 3393 Atticae,
826 3310 968 3375 velutin
992 3312 1155 3374 structura
1182 3307 1243 3371 hac
1267 3309 1331 3389 8,2
1361 3301 1377 3367 5
1401 3327 1425 3367 τι

361 3415 396 3482 ἂν
428 3420 524 3504 θέλῃς
555 3416 668 3493 ἐξέσται
701 3440 746 3482 σοι
777 3417 914 3501 ἀνωδυνῳ
950 3415 1008 3481 ἐντι
1041 3423 1131 3481 ποιεῖν
1164 3412 1283 3480 nemini
1316 3411 1427 3494 ignota

361 3525 499 3613 (Krueg.
518 3530 569 3608 55,
583 3532 613 3609 2,
630 3527 674 3612 5).

426 3634 604 3718 particulae
628 3631 701 3697 ὥστε
725 3632 822 3698 semel
845 3631 1031 3715 adiungitur
1053 3630 1216 3714 optativus
1238 3624 1425 3712 potentialis

363 3744 451 3818 1,10
475 3741 511 3806 δι’
536 3742 552 3806 ὃ
577 3740 603 3805 δ’
630 3738 661 3805 εί)
684 3744 777 3826 βιοῦσι
798 3750 927 3826 κρεῖττον
957 3736 977 3825 ἢ
1006 3735 1043 3802 δι’
1071 3739 1087 3802 δ
1115 3743 1166 3824 μή·
1195 3734 1269 3799 ὥστε
1297 3742 1425 3819 κρεῖττον

358 3846 479 3938 μαίνοιτ’
497 3847 532 3916 ἂν
555 3853 588 3914 τδ
605 3847 720 3932 ἀγαθὸν
736 3846 808 3912 εἶναι
828 3856 878 3912 τοῦ
895 3847 999 3923 δοκεῖν,
1026 3847 1141 3912 ceteris
1156 3844 1236 3909 locis
1251 3841 1424 3908 infinitivus

358 3956 412 4043 (cf.
429 3957 553 4041 Krueg.
571 3962 623 4042 65,
638 3959 685 4044 3);
713 3960 763 4039 12,
783 3961 801 4021 6
826 3953 972 4019 ἐκάθευδε
995 3956 1124 4039 βαθέως,
1154 3951 1229 4016 ὣστε
1256 3951 1343 4037 μόλις
1366 3948 1425 4010 διε-

357 4075 449 4152 γεῖραι
472 4071 533 4131 τινά
552 4069 636 4149 13,2
654 4063 677 4128 ὢ
694 4075 747 4153 τῆς
762 4067 956 4150 παρανομίας,
973 4060 1047 4126 ὥστε
1063 4064 1153 4146 ταάτρ
1170 4065 1292 4147 πάσχειν
1314 4058 1422 4140 32,13

358 4169 385 4238 οἱ
407 4174 560 4258 βασιλεῖς.
580 4221 613 4239 ..
637 4168 720 4237 οὐδὲν
739 4168 825 4258 ἧττον
849 4173 1040 4246 σπανίζουσιν,
1064 4167 1138 4233 ὥστε
1158 4171 1209 4233 καί
1224 4169 1423 4254 τυμβωρυχεῖν

356 4285 407 4345 καί
430 4278 584 4368 ἱεροσυλεῐν
608 4278 668 4344 κτέ.
717 4282 768 4360 35,
786 4285 806 4344 8
829 4280 953 4343 πλοῦτόν
973 4300 1003 4340 τε
1024 4280 1080 4362 γὰρ
1096 4277 1231 4341 πλεῖστον
1245 4271 1332 4338 αι’)τδν
1347 4274 1424 4360 ἐχειν

388 4768 1247 5194 ΜΔ,
