3388 5236
781 593 1001 652 ..22..

425 808 468 858 τις
491 785 693 868 coniungitur
717 806 756 850 ex
778 805 867 849 more
883 781 1071 848 Atticorum
1095 803 1166 846 oum
1189 801 1266 847 voce
1289 791 1348 852 πᾶς
1372 780 1425 860 (11.

359 893 484 975 Krueg.
507 896 544 955 51
550 941 558 974 ‚
572 895 622 974 16,
639 895 693 977 11)
716 893 808 974 44,4
830 901 889 961 πάς
912 912 954 960 τις
976 886 1093 952 ἐπαινεῖ.
1138 888 1222 952 idem
1248 889 1427 953 conectitur

360 1022 432 1066 oum
459 1009 543 1070 ποῖος
571 997 775 1085 (11111118.
801 1001 853 1080 51,
874 1001 924 1079 16,
943 999 975 1080 3)
1003 1000 1084 1060 ποῖόν
1112 1018 1138 1058 τι
1167 992 1226 1058 ἐστὶ
1252 995 1379 1066 πλοῦτος
1406 991 1425 1080 ἢ

359 1112 441 1171 ποῖόν
456 1130 481 1170 τι
496 1110 579 1170 πενία
605 1110 656 1188 10,
671 1111 700 1169 6.
733 1105 778 1170 sic
802 1105 898 1170 etiam
918 1107 1023 1186 18,13
1049 1107 1081 1168 11
1103 1106 1223 1184 44,13.
1259 1102 1362 1167 rarior
1378 1106 1427 1166 est

360 1213 554 1297 pronominis
583 1213 752 1279 collocatio
780 1213 812 1276 in
839 1211 888 1276 his
914 1209 962 1275 ἵνα
989 1214 1040 1273 καί
1068 1233 1094 1273 τι
1120 1210 1234 1296 μᾶλλον
1264 1209 1427 1297 φιλόσοφος

362 1322 435 1406 δόξγγ
458 1324 579 1404 45,12,
606 1341 677 1384 curn
701 1342 726 1382 τι
750 1319 900 1402 subsequi
922 1318 1029 1402 potius
1045 1337 1154 1382 vocem
1178 1317 1291 1402 μάλλον
1315 1315 1425 1382 soleat.

361 1427 431 1493 vide
454 1427 605 1510 Krueger
628 1427 669 1492 ad
693 1425 794 1491 Thuc.
813 1425 882 1493 VII
907 1430 958 1506 57,
979 1429 1007 1489 l.

429 1534 634 1618 opponuntur
647 1535 732 1598 inter
746 1553 780 1597 se
805 1530 877 1604 ὁεῖς
900 1537 933 1598 11
957 1529 1087 1617 ὁὲτερος
1109 1535 1146 1595 ut
1166 1531 1306 1595 varietur
1322 1531 1426 1596 oratio

359 1643 393 1706 in
415 1642 477 1708 his:
502 1645 592 1723 46,5
616 1641 729 1721 γελοῖον
752 1643 808 1724 γάρ
831 1638 911 1702 ἔσται
934 1636 958 1702 εί
981 1636 1031 1701 ἐὰν
1054 1641 1100 1702 τὸν
1123 1635 1220 1721 ἕτερόν
1243 1660 1284 1708 τις
1308 1634 1427 1726 ὀφθαλ-

361 1752 415 1835 μδν
439 1747 591 1832 ἀποβάλῃ,
621 1747 718 1834 δεήσει
741 1749 792 1810 καί
815 1749 861 1810 τὸν
891 1743 987 1829 ἕτερον
1013 1749 1230 1830 προσεκκόψαι,
1258 1741 1313 1808 κάν
1338 1741 1428 1816 δεῖς

362 1857 435 1928 ποὺς
458 1855 577 1931 κυλλός,
600 1858 652 1918 καί
674 1857 731 1919 τὸν
753 1851 872 1937 ἕτερον
897 1852 1046 1939 ἀνάπηρον
1069 1845 1160 1917 ποιεῖν
1183 1849 1241 1914 κτὲ.
1278 1851 1427 1917 liberiore

360 1963 416 2027 illa
438 1963 565 2027 ratione
595 1982 677 2044 quae
706 1960 857 2043 exemplis
886 1959 1010 2042 aliquot
1034 1958 1194 2023 illustrata
1218 1963 1267 2024 est
1289 1958 1322 2022 in
1344 1957 1426 2024 libro

361 2068 690 2153 171811111Η11111.4
712 2091 744 2152 p.
763 2072 781 2131 5
806 2088 853 2150 sq.
900 2066 939 2131 cf.
956 2064 1109 2132 Aeschin.
1134 2071 1248 2131 contra
1263 2064 1345 2130 Tim.
1366 2070 1424 2129 121

360 2175 537 2263 ἐργαστήρια
568 2176 620 2239 ouo
650 2173 679 2238 ἐν
709 2184 770 2247 τοῖς
793 2172 967 2259 ἀργυρείοις,
997 2173 1026 2237 ἓν
1054 2176 1106 2257 μὲν
1129 2171 1159 2236 ἐν
1182 2169 1310 2248 Αὐλῶνι,
1330 2170 1428 2256 ἕτερον

362 2283 387 2348 δ’
402 2282 449 2348 ἐπὶ
464 2283 637 2369 Θρασὺλλῳ.
670 2281 762 2348 Stob.
778 2281 849 2347 flor.
869 2287 921 2364 37,
933 2285 974 2345 25
991 2273 1091 2345 Mein.
1109 2278 1280 2366 Ἰσοκράτης
1297 2277 1313 2342 ὁ
1329 2277 1426 2368 ῥήτωρ

361 2390 521 2477 Καρεῶνος
537 2389 618 2460 ’σ’ντος
634 2390 727 2452 λάλου
750 2393 801 2452 καὶ
824 2389 979 2476 σχολάζειν
1002 2384 1090 2452 αὐτοῦ
1113 2387 1291 2472 βουλομένου
1316 2386 1427 2458 διττοὺς

360 2497 451 2586 ήτήσε
478 2499 621 2584 μισθοὺς·
651 2505 700 2560 τοῦ
730 2497 762 2559 δὲ
789 2500 840 2583 τήν
868 2493 960 2560 αἰτίαν
987 2497 1156 2581 πυθομένου
1184 2490 1247 2558 Ἕνα
1278 2490 1342 2579 μέν’
1369 2493 1426 2582 ἔφη

372 2603 419 2669 ἵνα
442 2606 541 2669 λαλεῖν
557 2607 671 2690 ράθής,
695 2608 742 2668 τὸν
759 2603 785 2667 δ’
801 2602 898 2688 ἕτερον
911 2601 959 2668 ἵνα
975 2603 1075 2685 σιγάν’.
1128 2603 1230 2686 magis
1254 2602 1349 2668 etiarn
1367 2602 1427 2667 Te-

361 2713 444 2778 leteo
469 2711 613 2794 exemplo
631 2712 821 2777 conveniunt
842 2711 921 2776 haec
936 2709 1078 2776 Aristot.
1095 2710 1174 2792 reip.
1193 2708 1313 2774 Athen.
1333 2732 1366 2793 p.
1384 2714 1425 2772 97

360 2819 518 2904 Κ111γου2
540 2824 648 2904 νόμους
663 2816 832 2906 εἰσήνεγκαν
856 2816 896 2889 εἰς
919 2823 970 2904 τήν
989 2818 1097 2903 βουλήν
1114 2817 1166 2880 δὺο
1182 2818 1349 2888 κελείνοντες
1365 2814 1428 2880 ἐπι-

360 2936 543 3013 χειροτονεῖν,
566 2923 606 2991 ὧν
622 2923 638 2988 ὁ
654 2929 706 3012 μὲν
729 2922 770 2996 εἷς
868 2922 883 2988 ὁ
908 2922 933 2987 δ’
955 2922 1054 3008 ἕτερος
1076 2921 1135 2986 κτὲ.
1160 2923 1299 3007 gnomol.
1318 2923 1425 2992 Vatis.

361 3038 424 3097 513
442 3031 570 3100 Sternb.
587 3032 642 3097 ubi
658 3030 812 3097 Simonidi
834 3031 897 3097 hoc
913 3030 1008 3096 datur
1024 3031 1158 3096 dictum:
1181 3027 1248 3095 ‘dbo
1264 3030 1327 3116 μοι’
1350 3028 1425 3096 εἶπεν

359 3138 396 3204 ’ὦ
420 3142 562 3224 βέλτιστε,
590 3144 710 3224 κιβώτια
734 3136 872 3225 ὑπάρχει·
899 3141 951 3202 καί
978 3135 1018 3208 εἰς
1045 3141 1098 3223 μὲν
1121 3141 1153 3200 τδ
1176 3137 1205 3202 ἓν
1229 3141 1282 3209 τάς
1303 3142 1427 3224 χάριτας

359 3247 547 3333 ἀποτίθεμαι,
570 3243 611 3318 εἷς
636 3247 667 3310 δὲ
690 3249 722 3310 τδ
745 3243 841 3331 ἕτερον
858 3241 1022 3330 ἀργυρίδιον
1045 3241 1119 3307 κτὲ’.
1166 3249 1199 3309 11
1222 3244 1353 3310 alienius
1377 3251 1427 3310 est

359 3358 392 3418 et
419 3352 556 3418 habetur
586 3355 771 3434 corruptum
802 3351 890 3435 quod
917 3350 990 3416 libri
1013 3349 1133 3416 habent
1157 3349 1360 3434 Soph.Phi1.
1383 3356 1424 3416 91

359 3457 393 3524 od
416 3463 472 3543 γὰρ
496 3457 526 3532 ἐξ
549 3457 614 3530 ἑνὸς
635 3459 736 3535 ποδός,
761 3458 815 3523 ubi
838 3459 909 3524 vide
932 3480 1014 3542 quae
1038 3458 1204 3524 adnotavit
1227 3457 1353 3528 Nauck.

426 3587 492 3632 non
515 3565 637 3649 vulgari
659 3565 755 3632 modo
780 3566 947 3632 exhibetur
969 3563 1061 3638 οὕτως
1084 3567 1116 3630 in
1139 3566 1202 3630 his:
1228 3570 1281 3648 28,
1300 3571 1318 3630 9
1347 3565 1427 3631 ἀλλά

358 3678 409 3738 καὶ
432 3674 543 3760 πλῆρες
568 3671 599 3738 ὃν
622 3670 693 3736 αὐτὸ
717 3673 1022 3760 (11.11ρασκώλιον)
1046 3670 1155 3744 οὕτως
1179 3671 1241 3758 ὄψει
1259 3677 1310 3736 καὶ
1325 3675 1426 3738 κενοί)-

359 3802 444 3866 ρενον
466 3778 535 3846 ἰδὼν
552 3777 606 3845 oda
622 3777 762 3868 ὀδυνήσρ,
779 3780 831 3845 ubi
849 3780 1014 3846 adnotavit
1029 3779 1146 3844 Iacobs
1163 3781 1280 3846 Solcr.4
1295 3803 1327 3864 p.
1344 3785 1424 3845 239:

357 3885 465 3960 ‘obser
481 3887 554 3974 ὄψει,
578 3889 637 3952 mit
654 3885 951 3971 Gleichgdltigkeit3
975 3887 1031 3952 vvie
1054 3885 1070 3951 ὁ
1086 3885 1191 3950 οὑτωσὶ
1211 3886 1352 3965 ἀκοὺσας,
1369 3889 1427 3954 (111

357 3996 467 4062 Etwas
484 3996 679 4061 unbeachtet
700 3995 795 4078 ltisst3
819 3996 908 4076 λόγος
928 3993 1032 4059 οὑτωσὶ
1054 3992 1168 4082 ῥηθείς,
1193 3995 1244 4060 ein
1267 3994 1350 4060 ohne
1371 3995 1424 4061 be·

357 4104 494 4169 sondere
516 4102 694 4168 Rdoksicht
717 4104 948 4187 gesprochenes
964 4101 1089 4171 Wort'.

424 4211 487 4274 His
512 4210 635 4276 subicio
660 4232 723 4276 non
742 4211 829 4276 nulla
852 4211 891 4276 de
916 4231 1064 4294 genere
1086 4209 1212 4275 verbi.

423 4318 486 4402 ’έχω
509 4318 708 4383 intransitive
724 4323 897 4402 usurpatur
913 4317 1070 4383 adverbiis
1087 4317 1272 4383 comitatum
1287 4316 1423 4404 (Krueg.
