<?xml version="1.0" encoding="UTF-8"?>
<!DOCTYPE html PUBLIC "-//W3C//DTD XHTML 1.0 Transitional//EN"
    "http://www.w3.org/TR/xhtml1/DTD/xhtml1-transitional.dtd">
<html xmlns="http://www.w3.org/1999/xhtml" xml:lang="en" lang="en">
 <head>
  <title>
</title>
<meta http-equiv="Content-Type" content="text/html;charset=utf-8" />
  <meta name='ocr-system' content='tesseract 3.04.00' />
  <meta name='ocr-capabilities' content='ocr_page ocr_carea ocr_par ocr_line ocrx_word'/>
</head>
<body>
  <div class='ocr_page' id='page_1' title='image "./deteletiselocut00mlgoog_0048.png"; bbox 0 0 3398 5230; ppageno 0'>
   <div class='ocr_carea' id='block_1_1' title="bbox 705 561 931 619">
    <p class='ocr_par' dir='ltr' id='par_1_1' title="bbox 705 561 931 619">
     <span class='ocr_line' id='line_1_1' title="bbox 705 561 931 619; baseline -0.031 -12"><span class='ocrx_word' id='word_1_1' title='bbox 705 561 931 619; x_wconf 76' lang='lat'>...41-</span> 
     </span>
    </p>
   </div>
   <div class='ocr_carea' id='block_1_2' title="bbox 272 729 1357 4398">
    <p class='ocr_par' dir='ltr' id='par_1_2' title="bbox 272 729 1357 2562">
     <span class='ocr_line' id='line_1_2' title="bbox 272 729 1355 853; baseline -0.035 -24"><span class='ocrx_word' id='word_1_2' title='bbox 272 770 361 853; x_wconf 73' lang='grc' dir='ltr'><strong>ξένης</strong></span> <span class='ocrx_word' id='word_1_3' title='bbox 377 764 465 850; x_wconf 82' lang='lat' dir='ltr'>(vide</span> <span class='ocrx_word' id='word_1_4' title='bbox 480 761 548 826; x_wconf 92' lang='lat' dir='ltr'>ind.</span> <span class='ocrx_word' id='word_1_5' title='bbox 564 782 591 822; x_wconf 85' lang='lat' dir='ltr'>s.</span> <span class='ocrx_word' id='word_1_6' title='bbox 606 756 670 841; x_wconf 73' lang='lat' dir='ltr'>iai)</span> <span class='ocrx_word' id='word_1_7' title='bbox 686 754 720 818; x_wconf 90' lang='lat' dir='ltr'>id</span> <span class='ocrx_word' id='word_1_8' title='bbox 743 757 849 816; x_wconf 69' lang='lat' dir='ltr'>eistat</span> <span class='ocrx_word' id='word_1_9' title='bbox 872 749 970 812; x_wconf 83' lang='lat' dir='ltr'>etiam</span> <span class='ocrx_word' id='word_1_10' title='bbox 992 738 1079 823; x_wconf 88' lang='lat' dir='ltr'>apud</span> <span class='ocrx_word' id='word_1_11' title='bbox 1101 729 1355 814; x_wconf 69' lang='lat' dir='ltr'><strong>Xenophontem</strong></span> 
     </span>
     <span class='ocr_line' id='line_1_3' title="bbox 272 839 1356 958; baseline -0.024 -24"><span class='ocrx_word' id='word_1_12' title='bbox 272 876 354 958; x_wconf 77' lang='lat' dir='ltr'>reip,</span> <span class='ocrx_word' id='word_1_13' title='bbox 374 869 500 937; x_wconf 80' lang='lat' dir='ltr'>Imced.</span> <span class='ocrx_word' id='word_1_14' title='bbox 524 871 578 949; x_wconf 84' lang='lat'>14,</span> <span class='ocrx_word' id='word_1_15' title='bbox 597 870 631 929; x_wconf 81' lang='lat'>4.</span> <span class='ocrx_word' id='word_1_16' title='bbox 681 859 821 926; x_wconf 80' lang='lat' dir='ltr'>formula</span> <span class='ocrx_word' id='word_1_17' title='bbox 843 855 900 919; x_wconf 78' lang='grc' dir='ltr'>ἐπὶ</span> <span class='ocrx_word' id='word_1_18' title='bbox 925 859 987 916; x_wconf 80' lang='grc' dir='ltr'>τοῦ</span> <span class='ocrx_word' id='word_1_19' title='bbox 1015 850 1189 929; x_wconf 75' lang='grc' dir='ltr'><strong>παρόντος</strong></span> <span class='ocrx_word' id='word_1_20' title='bbox 1217 839 1251 902; x_wconf 88' lang='lat' dir='ltr'>in</span> <span class='ocrx_word' id='word_1_21' title='bbox 1279 857 1356 908; x_wconf 83' lang='lat' dir='ltr'>oon·</span> 
     </span>
     <span class='ocr_line' id='line_1_4' title="bbox 274 947 1357 1062; baseline -0.023 -14"><span class='ocrx_word' id='word_1_22' title='bbox 274 981 422 1048; x_wconf 75' lang='lat' dir='ltr'>cessione</span> <span class='ocrx_word' id='word_1_23' title='bbox 451 974 713 1062; x_wconf 67' lang='lat' dir='ltr'>posituram</span> <span class='ocrx_word' id='word_1_24' title='bbox 747 965 774 1030; x_wconf 73' lang='lat' dir='ltr'>st</span> <span class='ocrx_word' id='word_1_25' title='bbox 808 966 923 1028; x_wconf 67' lang='lat' dir='ltr'>aaa</span> <span class='ocrx_word' id='word_1_26' title='bbox 954 947 1357 1032; x_wconf 68' lang='grc' dir='ltr'><strong>ωιτιτιςσοιδῡίηὲπι</strong></span> 
     </span>
     <span class='ocr_line' id='line_1_5' title="bbox 274 1053 1357 1170; baseline -0.013 -28"><span class='ocrx_word' id='word_1_27' title='bbox 274 1099 327 1152; x_wconf 65' lang='lat' dir='ltr'>ms,</span> <span class='ocrx_word' id='word_1_28' title='bbox 350 1091 509 1170; x_wconf 66' lang='grc' dir='ltr'>παρόντος,</span> <span class='ocrx_word' id='word_1_29' title='bbox 534 1078 602 1145; x_wconf 67' lang='grc' dir='ltr'>ἀλλ’</span> <span class='ocrx_word' id='word_1_30' title='bbox 624 1077 727 1163; x_wconf 73' lang='grc' dir='ltr'><strong>ὅμοιόν</strong></span> <span class='ocrx_word' id='word_1_31' title='bbox 748 1072 810 1137; x_wconf 76' lang='grc' dir='ltr'>ἐστι</span> <span class='ocrx_word' id='word_1_32' title='bbox 831 1069 890 1135; x_wconf 55' lang='grc' dir='ltr'><strong>κατ’.</strong></span> <span class='ocrx_word' id='word_1_33' title='bbox 925 1069 990 1133; x_wconf 90' lang='lat' dir='ltr'>duo</span> <span class='ocrx_word' id='word_1_34' title='bbox 1013 1062 1108 1146; x_wconf 82' lang='lat' dir='ltr'>plene</span> <span class='ocrx_word' id='word_1_35' title='bbox 1127 1053 1262 1142; x_wconf 82' lang='lat' dir='ltr'>gemella</span> <span class='ocrx_word' id='word_1_36' title='bbox 1275 1059 1357 1128; x_wconf 86' lang='lat' dir='ltr'>mihi</span> 
     </span>
     <span class='ocr_line' id='line_1_6' title="bbox 275 1161 1356 1278; baseline -0.019 -20"><span class='ocrx_word' id='word_1_37' title='bbox 275 1195 440 1278; x_wconf 75' lang='lat' dir='ltr'>suggessit</span> <span class='ocrx_word' id='word_1_38' title='bbox 464 1187 613 1271; x_wconf 79' lang='lat' dir='ltr'>exempla</span> <span class='ocrx_word' id='word_1_39' title='bbox 625 1185 741 1250; x_wconf 80' lang='lat' dir='ltr'>Hense</span> <span class='ocrx_word' id='word_1_40' title='bbox 756 1180 920 1245; x_wconf 82' lang='lat' dir='ltr'>Aristonis</span> <span class='ocrx_word' id='word_1_41' title='bbox 940 1172 1013 1238; x_wconf 82' lang='lat' dir='ltr'>Chii</span> <span class='ocrx_word' id='word_1_42' title='bbox 1034 1167 1122 1252; x_wconf 81' lang='lat' dir='ltr'>apud</span> <span class='ocrx_word' id='word_1_43' title='bbox 1138 1161 1356 1245; x_wconf 76' lang='lat' dir='ltr'>Theophilum</span> 
     </span>
     <span class='ocr_line' id='line_1_7' title="bbox 276 1273 1356 1376; baseline -0.019 -9"><span class='ocrx_word' id='word_1_44' title='bbox 276 1295 563 1368; x_wconf 68' lang='lat' dir='ltr'>memorius</span> <span class='ocrx_word' id='word_1_45' title='bbox 587 1315 621 1376; x_wconf 88' lang='lat' dir='ltr'>p.</span> <span class='ocrx_word' id='word_1_46' title='bbox 637 1296 703 1356; x_wconf 80' lang='grc'>206</span> <span class='ocrx_word' id='word_1_47' title='bbox 719 1288 770 1354; x_wconf 89' lang='lat' dir='ltr'>ed.</span> <span class='ocrx_word' id='word_1_48' title='bbox 789 1286 869 1352; x_wconf 90' lang='lat' dir='ltr'>Otto</span> <span class='ocrx_word' id='word_1_49' title='bbox 887 1276 1139 1367; x_wconf 74' lang='lat' dir='ltr'>(Meinskehist.</span> <span class='ocrx_word' id='word_1_50' title='bbox 1156 1291 1286 1355; x_wconf 80' lang='lat' dir='ltr'>comp.</span> <span class='ocrx_word' id='word_1_51' title='bbox 1302 1273 1356 1367; x_wconf 82' lang='lat' dir='ltr'>X)</span> 
     </span>
     <span class='ocr_line' id='line_1_8' title="bbox 277 1379 1355 1488; baseline -0.006 -25"><span class='ocrx_word' id='word_1_52' title='bbox 277 1407 326 1472; x_wconf 71' lang='grc' dir='ltr'>ἐπὶ</span> <span class='ocrx_word' id='word_1_53' title='bbox 348 1415 401 1470; x_wconf 68' lang='grc' dir='ltr'>τοῦ</span> <span class='ocrx_word' id='word_1_54' title='bbox 424 1409 584 1488; x_wconf 75' lang='grc' dir='ltr'>παρόντος·</span> <span class='ocrx_word' id='word_1_55' title='bbox 613 1398 693 1462; x_wconf 74' lang='grc' dir='ltr'><strong>ἀλλὰ</strong></span> <span class='ocrx_word' id='word_1_56' title='bbox 717 1397 760 1458; x_wconf 78' lang='grc' dir='ltr'>δεῖ</span> <span class='ocrx_word' id='word_1_57' title='bbox 781 1400 881 1478; x_wconf 80' lang='grc' dir='ltr'>πόρρω</span> <span class='ocrx_word' id='word_1_58' title='bbox 903 1394 1032 1477; x_wconf 68' lang='grc' dir='ltr'>βλέπειν,</span> <span class='ocrx_word' id='word_1_59' title='bbox 1057 1389 1091 1449; x_wconf 81' lang='lat' dir='ltr'>et</span> <span class='ocrx_word' id='word_1_60' title='bbox 1112 1379 1247 1463; x_wconf 82' lang='lat' dir='ltr'>Epicuri</span> <span class='ocrx_word' id='word_1_61' title='bbox 1268 1397 1355 1456; x_wconf 82' lang='lat' dir='ltr'>sent.</span> 
     </span>
     <span class='ocr_line' id='line_1_9' title="bbox 276 1490 1356 1596; baseline -0.006 -24"><span class='ocrx_word' id='word_1_62' title='bbox 276 1512 428 1581; x_wconf 75' lang='lat' dir='ltr'>XXXV</span> <span class='ocrx_word' id='word_1_63' title='bbox 450 1535 484 1596; x_wconf 81' lang='lat' dir='ltr'>p.</span> <span class='ocrx_word' id='word_1_64' title='bbox 508 1513 598 1591; x_wconf 68' lang='lat' dir='ltr'>sao</span> <span class='ocrx_word' id='word_1_65' title='bbox 622 1503 811 1572; x_wconf 59' lang='lat' dir='ltr'>stssnsr</span> <span class='ocrx_word' id='word_1_66' title='bbox 831 1499 887 1564; x_wconf 70' lang='grc' dir='ltr'>κᾶν</span> <span class='ocrx_word' id='word_1_67' title='bbox 910 1502 1047 1586; x_wconf 71' lang='grc' dir='ltr'>μυριάκις</span> <span class='ocrx_word' id='word_1_68' title='bbox 1067 1490 1116 1555; x_wconf 75' lang='grc' dir='ltr'>ἐπὶ</span> <span class='ocrx_word' id='word_1_69' title='bbox 1137 1496 1187 1552; x_wconf 75' lang='grc' dir='ltr'>τοῦ</span> <span class='ocrx_word' id='word_1_70' title='bbox 1210 1496 1356 1574; x_wconf 76' lang='grc' dir='ltr'>παρόντος</span> 
     </span>
     <span class='ocr_line' id='line_1_10' title="bbox 277 1599 1355 1704; baseline -0.014 -17"><span class='ocrx_word' id='word_1_71' title='bbox 277 1625 429 1704; x_wconf 62' lang='grc' dir='ltr'>λανθάνῃ,</span> <span class='ocrx_word' id='word_1_72' title='bbox 454 1618 510 1683; x_wconf 85' lang='lat' dir='ltr'>uhi</span> <span class='ocrx_word' id='word_1_73' title='bbox 525 1614 573 1679; x_wconf 77' lang='grc' dir='ltr'>ἐπι</span> <span class='ocrx_word' id='word_1_74' title='bbox 586 1613 731 1678; x_wconf 77' lang='lat' dir='ltr'>restituit</span> <span class='ocrx_word' id='word_1_75' title='bbox 745 1609 925 1692; x_wconf 78' lang='lat' dir='ltr'>Menagins.</span> <span class='ocrx_word' id='word_1_76' title='bbox 947 1599 1135 1670; x_wconf 82' lang='lat' dir='ltr'>Aristotelis</span> <span class='ocrx_word' id='word_1_77' title='bbox 1154 1619 1252 1663; x_wconf 83' lang='lat' dir='ltr'>unum</span> <span class='ocrx_word' id='word_1_78' title='bbox 1273 1603 1355 1672; x_wconf 74' lang='lat' dir='ltr'>citet</span> 
     </span>
     <span class='ocr_line' id='line_1_11' title="bbox 278 1705 1355 1806; baseline -0.018 -11"><span class='ocrx_word' id='word_1_79' title='bbox 278 1729 399 1795; x_wconf 82' lang='lat' dir='ltr'>Bonitz</span> <span class='ocrx_word' id='word_1_80' title='bbox 427 1725 495 1790; x_wconf 91' lang='lat' dir='ltr'>ind.</span> <span class='ocrx_word' id='word_1_81' title='bbox 516 1745 550 1806; x_wconf 89' lang='lat' dir='ltr'>p.</span> <span class='ocrx_word' id='word_1_82' title='bbox 574 1725 657 1785; x_wconf 79' lang='lat'><strong>268·</strong></span> <span class='ocrx_word' id='word_1_83' title='bbox 687 1724 718 1784; x_wconf 80' lang='lat'>7.</span> <span class='ocrx_word' id='word_1_84' title='bbox 755 1716 934 1800; x_wconf 78' lang='lat' dir='ltr'>Polybiane</span> <span class='ocrx_word' id='word_1_85' title='bbox 963 1711 1093 1795; x_wconf 77' lang='lat' dir='ltr'>collegit</span> <span class='ocrx_word' id='word_1_86' title='bbox 1124 1711 1157 1772; x_wconf 85' lang='lat' dir='ltr'>et</span> <span class='ocrx_word' id='word_1_87' title='bbox 1186 1705 1355 1781; x_wconf 70' lang='lat' dir='ltr'>Diodorou</span> 
     </span>
     <span class='ocr_line' id='line_1_12' title="bbox 279 1814 1354 1914; baseline -0.021 -11"><span class='ocrx_word' id='word_1_88' title='bbox 279 1835 393 1902; x_wconf 86' lang='lat' dir='ltr'>Krebs</span> <span class='ocrx_word' id='word_1_89' title='bbox 414 1834 437 1898; x_wconf 84' lang='grc'><strong>1</strong></span> <span class='ocrx_word' id='word_1_90' title='bbox 455 1853 483 1896; x_wconf 89' lang='lat' dir='ltr'>c.</span> <span class='ocrx_word' id='word_1_91' title='bbox 498 1853 532 1914; x_wconf 89' lang='lat' dir='ltr'>p.</span> <span class='ocrx_word' id='word_1_92' title='bbox 550 1834 602 1892; x_wconf 83' lang='grc'>80.</span> <span class='ocrx_word' id='word_1_93' title='bbox 639 1827 776 1908; x_wconf 87' lang='lat' dir='ltr'>deniqne</span> <span class='ocrx_word' id='word_1_94' title='bbox 798 1843 1013 1890; x_wconf 88' lang='lat' dir='ltr'>commemoro</span> <span class='ocrx_word' id='word_1_95' title='bbox 1035 1823 1073 1882; x_wconf 82' lang='grc' dir='ltr'>τὰ</span> <span class='ocrx_word' id='word_1_96' title='bbox 1095 1814 1142 1879; x_wconf 79' lang='grc' dir='ltr'>ἐπὶ</span> <span class='ocrx_word' id='word_1_97' title='bbox 1164 1825 1219 1880; x_wconf 75' lang='grc' dir='ltr'>τῶν</span> <span class='ocrx_word' id='word_1_98' title='bbox 1242 1833 1354 1906; x_wconf 71' lang='grc' dir='ltr'><strong>τεχνῶν</strong></span> 
     </span>
     <span class='ocr_line' id='line_1_13' title="bbox 282 1923 1353 2025; baseline -0.017 -17"><span class='ocrx_word' id='word_1_99' title='bbox 282 1947 369 2025; x_wconf 73' lang='grc'><strong>14,3</strong></span> <span class='ocrx_word' id='word_1_100' title='bbox 394 1947 428 2005; x_wconf 89' lang='lat' dir='ltr'>et</span> <span class='ocrx_word' id='word_1_101' title='bbox 452 1935 515 2002; x_wconf 71' lang='grc' dir='ltr'>οὐδ’</span> <span class='ocrx_word' id='word_1_102' title='bbox 537 1935 625 2022; x_wconf 75' lang='grc' dir='ltr'>ἡμεῖς</span> <span class='ocrx_word' id='word_1_103' title='bbox 647 1931 694 1996; x_wconf 76' lang='grc' dir='ltr'>ἐπὶ</span> <span class='ocrx_word' id='word_1_104' title='bbox 716 1943 771 1996; x_wconf 79' lang='grc' dir='ltr'>τῶν</span> <span class='ocrx_word' id='word_1_105' title='bbox 794 1929 941 2018; x_wconf 65' lang='grc' dir='ltr'><strong>ἡμεπρων</strong></span> <span class='ocrx_word' id='word_1_106' title='bbox 965 1939 1061 2016; x_wconf 75' lang='grc' dir='ltr'><strong>μερῶν</strong></span> <span class='ocrx_word' id='word_1_107' title='bbox 1076 1929 1130 2007; x_wconf 83' lang='grc'>46,</span> <span class='ocrx_word' id='word_1_108' title='bbox 1145 1926 1175 1992; x_wconf 88' lang='grc'>3.</span> <span class='ocrx_word' id='word_1_109' title='bbox 1210 1923 1353 1996; x_wconf 86' lang='lat' dir='ltr'>dativum</span> 
     </span>
     <span class='ocr_line' id='line_1_14' title="bbox 280 2033 1352 2128; baseline -0.012 -11"><span class='ocrx_word' id='word_1_110' title='bbox 280 2050 378 2116; x_wconf 79' lang='lat' dir='ltr'>&#39;Feles</span> <span class='ocrx_word' id='word_1_111' title='bbox 410 2048 486 2112; x_wconf 90' lang='lat' dir='ltr'>hnic</span> <span class='ocrx_word' id='word_1_112' title='bbox 517 2040 750 2128; x_wconf 70' lang='lat' dir='ltr'>praepositioni</span> <span class='ocrx_word' id='word_1_113' title='bbox 779 2060 846 2105; x_wconf 90' lang='lat' dir='ltr'>non</span> <span class='ocrx_word' id='word_1_114' title='bbox 876 2039 995 2105; x_wconf 78' lang='lat' dir='ltr'>subicit</span> <span class='ocrx_word' id='word_1_115' title='bbox 1025 2035 1087 2101; x_wconf 87' lang='lat' dir='ltr'>nisi</span> <span class='ocrx_word' id='word_1_116' title='bbox 1116 2033 1150 2097; x_wconf 93' lang='lat' dir='ltr'>in</span> <span class='ocrx_word' id='word_1_117' title='bbox 1180 2039 1352 2105; x_wconf 85' lang='lat' dir='ltr'>structuris</span> 
     </span>
     <span class='ocr_line' id='line_1_15' title="bbox 281 2147 1351 2235; baseline -0.008 -12"><span class='ocrx_word' id='word_1_118' title='bbox 281 2156 448 2222; x_wconf 77' lang='grc' dir='ltr'><strong>ὀδυνᾶσθαι</strong></span> <span class='ocrx_word' id='word_1_119' title='bbox 475 2151 523 2216; x_wconf 74' lang='grc' dir='ltr'>ἐπὶ</span> <span class='ocrx_word' id='word_1_120' title='bbox 549 2175 615 2227; x_wconf 79' lang='grc' dir='ltr'><strong>τινι,</strong></span> <span class='ocrx_word' id='word_1_121' title='bbox 644 2149 800 2235; x_wconf 64' lang='grc' dir='ltr'>ἄχθεσθαι</span> <span class='ocrx_word' id='word_1_122' title='bbox 827 2149 912 2231; x_wconf 81' lang='lat' dir='ltr'>sim,</span> <span class='ocrx_word' id='word_1_123' title='bbox 939 2147 1011 2213; x_wconf 77' lang='lat' dir='ltr'>vide</span> <span class='ocrx_word' id='word_1_124' title='bbox 1033 2164 1131 2229; x_wconf 76' lang='lat' dir='ltr'>supra</span> <span class='ocrx_word' id='word_1_125' title='bbox 1151 2163 1184 2228; x_wconf 85' lang='lat' dir='ltr'>p.</span> <span class='ocrx_word' id='word_1_126' title='bbox 1208 2149 1259 2209; x_wconf 83' lang='lat'>13.</span> <span class='ocrx_word' id='word_1_127' title='bbox 1298 2167 1351 2214; x_wconf 76' lang='lat' dir='ltr'>ac-</span> 
     </span>
     <span class='ocr_line' id='line_1_16' title="bbox 282 2253 1353 2344; baseline -0.009 -14"><span class='ocrx_word' id='word_1_128' title='bbox 282 2263 420 2330; x_wconf 87' lang='lat' dir='ltr'>cusativi</span> <span class='ocrx_word' id='word_1_129' title='bbox 443 2260 590 2342; x_wconf 84' lang='lat' dir='ltr'>exempla</span> <span class='ocrx_word' id='word_1_130' title='bbox 610 2258 739 2340; x_wconf 87' lang='lat' dir='ltr'>repperi</span> <span class='ocrx_word' id='word_1_131' title='bbox 753 2256 833 2320; x_wconf 84' lang='lat' dir='ltr'>baec</span> <span class='ocrx_word' id='word_1_132' title='bbox 855 2253 901 2344; x_wconf 63' lang='grc' dir='ltr'>ἐφ</span> <span class='ocrx_word' id='word_1_133' title='bbox 915 2253 991 2342; x_wconf 81' lang='grc' dir='ltr'><strong>ἱερὸν</strong></span> <span class='ocrx_word' id='word_1_134' title='bbox 1005 2257 1138 2323; x_wconf 72' lang='lat' dir='ltr'>motos&lt;</span> <span class='ocrx_word' id='word_1_135' title='bbox 1159 2256 1191 2336; x_wconf 84' lang='grc'>4,</span> <span class='ocrx_word' id='word_1_136' title='bbox 1206 2257 1225 2318; x_wconf 84' lang='grc'><strong>3</strong></span> <span class='ocrx_word' id='word_1_137' title='bbox 1251 2275 1353 2340; x_wconf 80' lang='grc' dir='ltr'><strong>παρει-</strong></span> 
     </span>
     <span class='ocr_line' id='line_1_17' title="bbox 281 2361 1351 2459; baseline 0 -29"><span class='ocrx_word' id='word_1_138' title='bbox 281 2375 488 2459; x_wconf 70' lang='grc' dir='ltr'><strong>ληφοτος...</strong></span> <span class='ocrx_word' id='word_1_139' title='bbox 520 2363 566 2429; x_wconf 74' lang='grc' dir='ltr'>ἐπ’</span> <span class='ocrx_word' id='word_1_140' title='bbox 599 2364 715 2448; x_wconf 75' lang='grc' dir='ltr'><strong>ἄριστον</strong></span> <span class='ocrx_word' id='word_1_141' title='bbox 747 2368 797 2444; x_wconf 79' lang='grc'><strong>12,</strong></span> <span class='ocrx_word' id='word_1_142' title='bbox 823 2366 864 2427; x_wconf 77' lang='grc'><strong>12</strong></span> <span class='ocrx_word' id='word_1_143' title='bbox 894 2362 937 2436; x_wconf 73' lang='grc' dir='ltr'>ὡς</span> <span class='ocrx_word' id='word_1_144' title='bbox 967 2362 1014 2428; x_wconf 76' lang='grc' dir='ltr'>ἐπὶ</span> <span class='ocrx_word' id='word_1_145' title='bbox 1044 2365 1076 2426; x_wconf 80' lang='lat' dir='ltr'>rb</span> <span class='ocrx_word' id='word_1_146' title='bbox 1107 2361 1182 2425; x_wconf 73' lang='grc' dir='ltr'><strong>πολι)</strong></span> <span class='ocrx_word' id='word_1_147' title='bbox 1212 2361 1351 2449; x_wconf 77' lang='lat' dir='ltr'>(Krucg.</span> 
     </span>
     <span class='ocr_line' id='line_1_18' title="bbox 285 2477 593 2562; baseline -0.026 -18"><span class='ocrx_word' id='word_1_148' title='bbox 285 2484 340 2562; x_wconf 85' lang='lat' dir='ltr'>oo,</span> <span class='ocrx_word' id='word_1_149' title='bbox 358 2482 412 2557; x_wconf 84' lang='lat' dir='ltr'>oa,</span> <span class='ocrx_word' id='word_1_150' title='bbox 430 2477 465 2562; x_wconf 79' lang='lat'>5)</span> <span class='ocrx_word' id='word_1_151' title='bbox 490 2478 544 2556; x_wconf 84' lang='lat'>34,</span> <span class='ocrx_word' id='word_1_152' title='bbox 560 2477 593 2537; x_wconf 84' lang='lat'>4.</span> 
     </span>
    </p>

    <p class='ocr_par' dir='ltr' id='par_1_3' title="bbox 283 2579 1352 3422">
     <span class='ocr_line' id='line_1_19' title="bbox 350 2579 1350 2649; baseline -0.002 -1"><span class='ocrx_word' id='word_1_153' title='bbox 350 2582 408 2648; x_wconf 74' lang='lat' dir='ltr'>oso</span> <span class='ocrx_word' id='word_1_154' title='bbox 429 2604 490 2648; x_wconf 91' lang='lat' dir='ltr'>nec</span> <span class='ocrx_word' id='word_1_155' title='bbox 514 2603 586 2646; x_wconf 89' lang='lat' dir='ltr'>cum</span> <span class='ocrx_word' id='word_1_156' title='bbox 609 2579 717 2645; x_wconf 81' lang='lat' dir='ltr'>dativo</span> <span class='ocrx_word' id='word_1_157' title='bbox 740 2580 874 2644; x_wconf 88' lang='lat' dir='ltr'>struitur</span> <span class='ocrx_word' id='word_1_158' title='bbox 895 2601 955 2645; x_wconf 86' lang='lat' dir='ltr'>nec</span> <span class='ocrx_word' id='word_1_159' title='bbox 982 2601 1055 2646; x_wconf 89' lang='lat' dir='ltr'>cnm</span> <span class='ocrx_word' id='word_1_160' title='bbox 1076 2579 1273 2649; x_wconf 78' lang='lat' dir='ltr'>accusativo.</span> <span class='ocrx_word' id='word_1_161' title='bbox 1311 2601 1350 2646; x_wconf 88' lang='lat' dir='ltr'>eo</span> 
     </span>
     <span class='ocr_line' id='line_1_20' title="bbox 283 2684 1351 2776; baseline -0.006 -17"><span class='ocrx_word' id='word_1_162' title='bbox 283 2694 404 2776; x_wconf 84' lang='lat' dir='ltr'>legitur</span> <span class='ocrx_word' id='word_1_163' title='bbox 426 2691 554 2773; x_wconf 86' lang='lat' dir='ltr'>saepius</span> <span class='ocrx_word' id='word_1_164' title='bbox 577 2686 633 2752; x_wconf 77' lang='lat' dir='ltr'>bri</span> <span class='ocrx_word' id='word_1_165' title='bbox 656 2709 746 2763; x_wconf 76' lang='grc' dir='ltr'><strong>τινος,</strong></span> <span class='ocrx_word' id='word_1_166' title='bbox 774 2687 831 2753; x_wconf 85' lang='lat' dir='ltr'>sod</span> <span class='ocrx_word' id='word_1_167' title='bbox 857 2688 924 2753; x_wconf 83' lang='lat' dir='ltr'>fere</span> <span class='ocrx_word' id='word_1_168' title='bbox 948 2710 987 2753; x_wconf 83' lang='lat' dir='ltr'>cx</span> <span class='ocrx_word' id='word_1_169' title='bbox 1011 2684 1239 2754; x_wconf 88' lang='lat' dir='ltr'>consuetudine</span> <span class='ocrx_word' id='word_1_170' title='bbox 1263 2689 1351 2753; x_wconf 86' lang='lat' dir='ltr'>Atti·</span> 
     </span>
     <span class='ocr_line' id='line_1_21' title="bbox 284 2791 1350 2878; baseline -0.003 -13"><span class='ocrx_word' id='word_1_171' title='bbox 284 2822 407 2866; x_wconf 86' lang='lat' dir='ltr'>corum.</span> <span class='ocrx_word' id='word_1_172' title='bbox 435 2797 507 2863; x_wconf 81' lang='lat' dir='ltr'>vide</span> <span class='ocrx_word' id='word_1_173' title='bbox 529 2795 595 2861; x_wconf 89' lang='lat' dir='ltr'>ind.</span> <span class='ocrx_word' id='word_1_174' title='bbox 610 2817 681 2861; x_wconf 81' lang='lat' dir='ltr'>voc.</span> <span class='ocrx_word' id='word_1_175' title='bbox 706 2801 743 2858; x_wconf 92' lang='lat' dir='ltr'>nt</span> <span class='ocrx_word' id='word_1_176' title='bbox 766 2817 863 2860; x_wconf 73' lang='lat' dir='ltr'>(musa</span> <span class='ocrx_word' id='word_1_177' title='bbox 885 2795 1058 2863; x_wconf 80' lang='lat' dir='ltr'><strong>denotetur</strong></span> <span class='ocrx_word' id='word_1_178' title='bbox 1080 2791 1230 2878; x_wconf 83' lang='lat' dir='ltr'>efficiens,</span> <span class='ocrx_word' id='word_1_179' title='bbox 1255 2795 1350 2862; x_wconf 85' lang='lat' dir='ltr'>etiam</span> 
     </span>
     <span class='ocr_line' id='line_1_22' title="bbox 285 2900 1351 2989; baseline -0.005 -16"><span class='ocrx_word' id='word_1_180' title='bbox 285 2929 358 2973; x_wconf 88' lang='lat' dir='ltr'>cnm</span> <span class='ocrx_word' id='word_1_181' title='bbox 379 2905 428 2971; x_wconf 87' lang='lat' dir='ltr'>rei</span> <span class='ocrx_word' id='word_1_182' title='bbox 451 2902 632 2970; x_wconf 82' lang='lat' dir='ltr'>nominibus</span> <span class='ocrx_word' id='word_1_183' title='bbox 653 2903 795 2986; x_wconf 84' lang='lat' dir='ltr'>iungitur</span> <span class='ocrx_word' id='word_1_184' title='bbox 817 2900 873 2966; x_wconf 75' lang='grc' dir='ltr'>ὑπό</span> <span class='ocrx_word' id='word_1_185' title='bbox 895 2904 929 2967; x_wconf 91' lang='lat' dir='ltr'>in</span> <span class='ocrx_word' id='word_1_186' title='bbox 951 2903 1055 2970; x_wconf 78' lang='lat' dir='ltr'>verbis</span> <span class='ocrx_word' id='word_1_187' title='bbox 1078 2901 1190 2968; x_wconf 85' lang='lat' dir='ltr'>Bionis</span> <span class='ocrx_word' id='word_1_188' title='bbox 1215 2907 1306 2986; x_wconf 50' lang='lat' dir='ltr'>23st</span> <span class='ocrx_word' id='word_1_189' title='bbox 1331 2901 1351 2989; x_wconf 80' lang='grc' dir='ltr'>ἢ</span> 
     </span>
     <span class='ocr_line' id='line_1_23' title="bbox 285 3008 1352 3102; baseline -0.003 -23"><span class='ocrx_word' id='word_1_190' title='bbox 285 3020 310 3079; x_wconf 80' lang='lat' dir='ltr'>ri</span> <span class='ocrx_word' id='word_1_191' title='bbox 333 3016 464 3102; x_wconf 73' lang='grc' dir='ltr'>διαφέρει</span> <span class='ocrx_word' id='word_1_192' title='bbox 491 3008 557 3076; x_wconf 74' lang='grc' dir='ltr'>ὑπὸ</span> <span class='ocrx_word' id='word_1_193' title='bbox 584 3013 693 3094; x_wconf 78' lang='grc' dir='ltr'><strong>πυρὸς</strong></span> <span class='ocrx_word' id='word_1_194' title='bbox 715 3013 944 3098; x_wconf 71' lang='grc' dir='ltr'>κατακαυθῆναι</span> <span class='ocrx_word' id='word_1_195' title='bbox 966 3009 986 3098; x_wconf 79' lang='grc' dir='ltr'><strong>ἢ</strong></span> <span class='ocrx_word' id='word_1_196' title='bbox 1008 3009 1064 3076; x_wconf 76' lang='lat' dir='ltr'>boo</span> <span class='ocrx_word' id='word_1_197' title='bbox 1087 3011 1175 3082; x_wconf 76' lang='grc' dir='ltr'><strong>κυνὸς</strong></span> <span class='ocrx_word' id='word_1_198' title='bbox 1197 3015 1352 3098; x_wconf 70' lang='grc' dir='ltr'><strong>καταβρω-</strong></span> 
     </span>
     <span class='ocr_line' id='line_1_24' title="bbox 284 3117 1352 3209; baseline -0.001 -24"><span class='ocrx_word' id='word_1_199' title='bbox 284 3126 377 3209; x_wconf 61' lang='grc' dir='ltr'><strong>θηναι</strong></span> <span class='ocrx_word' id='word_1_200' title='bbox 398 3118 458 3184; x_wconf 63' lang='lat' dir='ltr'>are</span> <span class='ocrx_word' id='word_1_201' title='bbox 491 3118 579 3183; x_wconf 80' lang='lat' dir='ltr'>hond</span> <span class='ocrx_word' id='word_1_202' title='bbox 602 3117 799 3183; x_wconf 83' lang='lat' dir='ltr'>dissimiliter</span> <span class='ocrx_word' id='word_1_203' title='bbox 821 3124 919 3202; x_wconf 83' lang='lat' dir='ltr'>atque</span> <span class='ocrx_word' id='word_1_204' title='bbox 945 3120 979 3184; x_wconf 89' lang='lat' dir='ltr'>in</span> <span class='ocrx_word' id='word_1_205' title='bbox 1005 3117 1213 3202; x_wconf 85' lang='lat' dir='ltr'>inscriptione</span> <span class='ocrx_word' id='word_1_206' title='bbox 1237 3118 1352 3185; x_wconf 85' lang='lat' dir='ltr'>Attica</span> 
     </span>
     <span class='ocr_line' id='line_1_25' title="bbox 284 3223 1351 3315; baseline -0.003 -20"><span class='ocrx_word' id='word_1_207' title='bbox 284 3252 305 3295; x_wconf 92' lang='lat' dir='ltr'>a</span> <span class='ocrx_word' id='word_1_208' title='bbox 326 3227 576 3295; x_wconf 83' lang='lat' dir='ltr'>Meisterhansio</span> <span class='ocrx_word' id='word_1_209' title='bbox 600 3226 701 3291; x_wconf 76' lang='lat' dir='ltr'>citata</span> <span class='ocrx_word' id='word_1_210' title='bbox 722 3247 752 3310; x_wconf 89' lang='lat' dir='ltr'>p.</span> <span class='ocrx_word' id='word_1_211' title='bbox 776 3230 840 3292; x_wconf 83' lang='lat'>182</span> <span class='ocrx_word' id='word_1_212' title='bbox 864 3227 984 3314; x_wconf 76' lang='grc' dir='ltr'>σίδηρος</span> <span class='ocrx_word' id='word_1_213' title='bbox 1010 3229 1271 3315; x_wconf 72' lang='grc' dir='ltr'><strong>ααταβεβρωμένος</strong></span> <span class='ocrx_word' id='word_1_214' title='bbox 1294 3223 1351 3292; x_wconf 74' lang='lat' dir='ltr'>oso</span> 
     </span>
     <span class='ocr_line' id='line_1_26' title="bbox 285 3331 829 3422; baseline -0.006 -20"><span class='ocrx_word' id='word_1_215' title='bbox 285 3346 335 3402; x_wconf 80' lang='lat' dir='ltr'>roo</span> <span class='ocrx_word' id='word_1_216' title='bbox 356 3334 403 3400; x_wconf 74' lang='lat' dir='ltr'>’coo</span> <span class='ocrx_word' id='word_1_217' title='bbox 427 3334 517 3420; x_wconf 88' lang='lat' dir='ltr'>(anni</span> <span class='ocrx_word' id='word_1_218' title='bbox 541 3338 604 3400; x_wconf 77' lang='grc'>329</span> <span class='ocrx_word' id='word_1_219' title='bbox 627 3339 704 3400; x_wconf 84' lang='lat' dir='ltr'>ante</span> <span class='ocrx_word' id='word_1_220' title='bbox 726 3331 829 3422; x_wconf 72' lang='lat' dir='ltr'>Chr).</span> 
     </span>
    </p>

    <p class='ocr_par' dir='ltr' id='par_1_4' title="bbox 284 3439 1352 4398">
     <span class='ocr_line' id='line_1_27' title="bbox 352 3439 1350 3526; baseline 0.002 -17"><span class='ocrx_word' id='word_1_221' title='bbox 352 3444 398 3510; x_wconf 93' lang='lat' dir='ltr'>Ut</span> <span class='ocrx_word' id='word_1_222' title='bbox 421 3443 462 3509; x_wconf 90' lang='lat' dir='ltr'>de</span> <span class='ocrx_word' id='word_1_223' title='bbox 486 3441 798 3508; x_wconf 87' lang='lat' dir='ltr'>coniunctionum</span> <span class='ocrx_word' id='word_1_224' title='bbox 813 3464 874 3508; x_wconf 88' lang='lat' dir='ltr'>usu</span> <span class='ocrx_word' id='word_1_225' title='bbox 889 3441 1010 3526; x_wconf 85' lang='lat' dir='ltr'>aliquid</span> <span class='ocrx_word' id='word_1_226' title='bbox 1025 3441 1152 3526; x_wconf 81' lang='lat' dir='ltr'>eddam,</span> <span class='ocrx_word' id='word_1_227' title='bbox 1176 3439 1256 3510; x_wconf 75' lang='grc' dir='ltr'>ἀλλὰ</span> <span class='ocrx_word' id='word_1_228' title='bbox 1276 3463 1350 3511; x_wconf 89' lang='lat' dir='ltr'>oon-</span> 
     </span>
     <span class='ocr_line' id='line_1_28' title="bbox 284 3548 1352 3638; baseline 0.001 -21"><span class='ocrx_word' id='word_1_229' title='bbox 284 3553 406 3618; x_wconf 91' lang='lat' dir='ltr'>iunctio</span> <span class='ocrx_word' id='word_1_230' title='bbox 434 3572 589 3636; x_wconf 82' lang='lat' dir='ltr'>persaepe</span> <span class='ocrx_word' id='word_1_231' title='bbox 618 3548 736 3634; x_wconf 85' lang='lat' dir='ltr'>legitur</span> <span class='ocrx_word' id='word_1_232' title='bbox 762 3551 796 3616; x_wconf 91' lang='lat' dir='ltr'>in</span> <span class='ocrx_word' id='word_1_233' title='bbox 823 3551 1023 3618; x_wconf 86' lang='lat' dir='ltr'>sermonibus</span> <span class='ocrx_word' id='word_1_234' title='bbox 1046 3549 1166 3618; x_wconf 81' lang='lat' dir='ltr'>Teletis</span> <span class='ocrx_word' id='word_1_235' title='bbox 1194 3557 1307 3638; x_wconf 85' lang='lat' dir='ltr'>utpote</span> <span class='ocrx_word' id='word_1_236' title='bbox 1332 3571 1352 3618; x_wconf 86' lang='lat' dir='ltr'>a</span> 
     </span>
     <span class='ocr_line' id='line_1_29' title="bbox 286 3657 1350 3743; baseline -0.002 -17"><span class='ocrx_word' id='word_1_237' title='bbox 286 3659 403 3743; x_wconf 80' lang='lat' dir='ltr'>dialogi</span> <span class='ocrx_word' id='word_1_238' title='bbox 429 3658 534 3726; x_wconf 87' lang='lat' dir='ltr'>forma</span> <span class='ocrx_word' id='word_1_239' title='bbox 560 3678 626 3724; x_wconf 93' lang='lat' dir='ltr'>non</span> <span class='ocrx_word' id='word_1_240' title='bbox 654 3657 776 3724; x_wconf 90' lang='lat' dir='ltr'>alienis.</span> <span class='ocrx_word' id='word_1_241' title='bbox 811 3664 848 3724; x_wconf 89' lang='lat' dir='ltr'>ut</span> <span class='ocrx_word' id='word_1_242' title='bbox 874 3659 1004 3743; x_wconf 85' lang='lat' dir='ltr'>potiora</span> <span class='ocrx_word' id='word_1_243' title='bbox 1027 3677 1273 3726; x_wconf 85' lang='lat' dir='ltr'>commemorem</span> <span class='ocrx_word' id='word_1_244' title='bbox 1296 3657 1350 3740; x_wconf 87' lang='lat' dir='ltr'>(of.</span> 
     </span>
     <span class='ocr_line' id='line_1_30' title="bbox 284 3763 1351 3854; baseline -0.003 -19"><span class='ocrx_word' id='word_1_245' title='bbox 284 3767 349 3835; x_wconf 78' lang='lat' dir='ltr'>ind</span> <span class='ocrx_word' id='word_1_246' title='bbox 366 3767 462 3854; x_wconf 79' lang='lat' dir='ltr'>voc),</span> <span class='ocrx_word' id='word_1_247' title='bbox 482 3764 549 3830; x_wconf 62' lang='grc' dir='ltr'>ἀλλ’</span> <span class='ocrx_word' id='word_1_248' title='bbox 564 3763 598 3830; x_wconf 78' lang='lat' dir='ltr'>oo</span> <span class='ocrx_word' id='word_1_249' title='bbox 613 3767 647 3831; x_wconf 92' lang='lat' dir='ltr'>in</span> <span class='ocrx_word' id='word_1_250' title='bbox 661 3767 913 3852; x_wconf 80' lang='lat' dir='ltr'>interrogatione</span> <span class='ocrx_word' id='word_1_251' title='bbox 928 3765 1015 3834; x_wconf 84' lang='lat' dir='ltr'>haud</span> <span class='ocrx_word' id='word_1_252' title='bbox 1030 3787 1103 3833; x_wconf 86' lang='lat' dir='ltr'>raro</span> <span class='ocrx_word' id='word_1_253' title='bbox 1120 3785 1228 3833; x_wconf 85' lang='lat' dir='ltr'>veram</span> <span class='ocrx_word' id='word_1_254' title='bbox 1243 3765 1351 3834; x_wconf 86' lang='lat' dir='ltr'>subdit</span> 
     </span>
     <span class='ocr_line' id='line_1_31' title="bbox 286 3871 1351 3962; baseline -0.002 -22"><span class='ocrx_word' id='word_1_255' title='bbox 286 3875 451 3960; x_wconf 86' lang='lat' dir='ltr'>scriptoris</span> <span class='ocrx_word' id='word_1_256' title='bbox 474 3874 677 3955; x_wconf 86' lang='lat' dir='ltr'>sententiam,</span> <span class='ocrx_word' id='word_1_257' title='bbox 705 3875 792 3942; x_wconf 85' lang='lat' dir='ltr'>velut</span> <span class='ocrx_word' id='word_1_258' title='bbox 819 3875 852 3940; x_wconf 92' lang='lat' dir='ltr'>in</span> <span class='ocrx_word' id='word_1_259' title='bbox 879 3873 927 3939; x_wconf 90' lang='lat' dir='ltr'>his</span> <span class='ocrx_word' id='word_1_260' title='bbox 953 3877 1020 3958; x_wconf 84' lang='lat' dir='ltr'>o,3</span> <span class='ocrx_word' id='word_1_261' title='bbox 1048 3871 1068 3962; x_wconf 82' lang='grc' dir='ltr'><strong>ἢ</strong></span> <span class='ocrx_word' id='word_1_262' title='bbox 1096 3885 1178 3961; x_wconf 75' lang='grc' dir='ltr'>ιιεινᾶΙ</span> <span class='ocrx_word' id='word_1_263' title='bbox 1206 3897 1247 3948; x_wconf 82' lang='grc' dir='ltr'>τις</span> <span class='ocrx_word' id='word_1_264' title='bbox 1274 3873 1351 3939; x_wconf 81' lang='grc' dir='ltr'><strong>πλα-</strong></span> 
     </span>
     <span class='ocr_line' id='line_1_32' title="bbox 285 3979 1351 4073; baseline 0.001 -26"><span class='ocrx_word' id='word_1_265' title='bbox 285 3992 392 4048; x_wconf 81' lang='grc' dir='ltr'><strong>κοῦντα</strong></span> <span class='ocrx_word' id='word_1_266' title='bbox 414 3979 434 4069; x_wconf 85' lang='grc' dir='ltr'>ἢ</span> <span class='ocrx_word' id='word_1_267' title='bbox 459 3982 528 4068; x_wconf 75' lang='grc' dir='ltr'><strong>διψᾷ</strong></span> <span class='ocrx_word' id='word_1_268' title='bbox 550 3983 640 4059; x_wconf 83' lang='grc' dir='ltr'><strong>Χῖον;</strong></span> <span class='ocrx_word' id='word_1_269' title='bbox 670 3979 737 4046; x_wconf 65' lang='lat' dir='ltr'>alx</span> <span class='ocrx_word' id='word_1_270' title='bbox 765 3979 799 4047; x_wconf 80' lang='lat' dir='ltr'>ob</span> <span class='ocrx_word' id='word_1_271' title='bbox 826 3989 916 4046; x_wconf 83' lang='grc' dir='ltr'><strong>ταῦτα</strong></span> <span class='ocrx_word' id='word_1_272' title='bbox 940 3981 988 4047; x_wconf 80' lang='grc' dir='ltr'>διὰ</span> <span class='ocrx_word' id='word_1_273' title='bbox 1011 3985 1121 4073; x_wconf 71' lang='grc' dir='ltr'><strong>τρυφὴν</strong></span> <span class='ocrx_word' id='word_1_274' title='bbox 1145 3985 1276 4072; x_wconf 72' lang='grc' dir='ltr'><strong>ζητοῦσιν</strong></span> <span class='ocrx_word' id='word_1_275' title='bbox 1299 3979 1351 4048; x_wconf 75' lang='grc' dir='ltr'>ἅν-</span> 
     </span>
     <span class='ocr_line' id='line_1_33' title="bbox 286 4089 1349 4176; baseline 0.001 -20"><span class='ocrx_word' id='word_1_276' title='bbox 286 4094 417 4175; x_wconf 75' lang='grc' dir='ltr'><strong>θρννποις</strong></span> <span class='ocrx_word' id='word_1_277' title='bbox 432 4089 545 4156; x_wconf 88' lang='lat' dir='ltr'>similia</span> <span class='ocrx_word' id='word_1_278' title='bbox 557 4095 631 4155; x_wconf 88' lang='lat' dir='ltr'>sunt</span> <span class='ocrx_word' id='word_1_279' title='bbox 649 4093 700 4173; x_wconf 85' lang='lat'>17,</span> <span class='ocrx_word' id='word_1_280' title='bbox 718 4093 767 4156; x_wconf 86' lang='lat'>13.</span> <span class='ocrx_word' id='word_1_281' title='bbox 788 4093 838 4174; x_wconf 85' lang='grc'><strong>18,</strong></span> <span class='ocrx_word' id='word_1_282' title='bbox 854 4093 904 4156; x_wconf 83' lang='grc'><strong>15.</strong></span> <span class='ocrx_word' id='word_1_283' title='bbox 926 4093 974 4173; x_wconf 86' lang='grc'><strong>19,</strong></span> <span class='ocrx_word' id='word_1_284' title='bbox 990 4095 1018 4155; x_wconf 76' lang='lat'>2.</span> <span class='ocrx_word' id='word_1_285' title='bbox 1036 4093 1088 4173; x_wconf 88' lang='grc'>46,</span> <span class='ocrx_word' id='word_1_286' title='bbox 1105 4093 1154 4158; x_wconf 77' lang='lat'>12.</span> <span class='ocrx_word' id='word_1_287' title='bbox 1172 4089 1211 4156; x_wconf 87' lang='lat' dir='ltr'>cf.</span> <span class='ocrx_word' id='word_1_288' title='bbox 1225 4089 1349 4176; x_wconf 78' lang='lat' dir='ltr'>Krueg.</span> 
     </span>
     <span class='ocr_line' id='line_1_34' title="bbox 288 4195 1350 4288; baseline 0.002 -24"><span class='ocrx_word' id='word_1_289' title='bbox 288 4204 340 4282; x_wconf 84' lang='lat'>69,</span> <span class='ocrx_word' id='word_1_290' title='bbox 356 4203 387 4281; x_wconf 91' lang='grc'>4,</span> <span class='ocrx_word' id='word_1_291' title='bbox 405 4203 436 4263; x_wconf 77' lang='grc'>2.</span> <span class='ocrx_word' id='word_1_292' title='bbox 469 4218 533 4263; x_wconf 90' lang='lat' dir='ltr'>non</span> <span class='ocrx_word' id='word_1_293' title='bbox 555 4219 728 4282; x_wconf 89' lang='lat' dir='ltr'>numquam</span> <span class='ocrx_word' id='word_1_294' title='bbox 752 4195 832 4262; x_wconf 85' lang='grc' dir='ltr'>ἀλλά</span> <span class='ocrx_word' id='word_1_295' title='bbox 855 4197 1060 4264; x_wconf 86' lang='lat' dir='ltr'>consociatur</span> <span class='ocrx_word' id='word_1_296' title='bbox 1076 4205 1118 4288; x_wconf 75' lang='grc' dir='ltr'>μή</span> <span class='ocrx_word' id='word_1_297' title='bbox 1142 4197 1186 4266; x_wconf 92' lang='lat' dir='ltr'>illi</span> <span class='ocrx_word' id='word_1_298' title='bbox 1203 4220 1266 4284; x_wconf 89' lang='lat' dir='ltr'>quo</span> <span class='ocrx_word' id='word_1_299' title='bbox 1283 4219 1350 4266; x_wconf 88' lang='lat' dir='ltr'>rem</span> 
     </span>
     <span class='ocr_line' id='line_1_35' title="bbox 286 4303 1351 4398; baseline 0.002 -28"><span class='ocrx_word' id='word_1_300' title='bbox 286 4306 396 4391; x_wconf 83' lang='lat' dir='ltr'>negari</span> <span class='ocrx_word' id='word_1_301' title='bbox 418 4304 484 4370; x_wconf 89' lang='lat' dir='ltr'>vult</span> <span class='ocrx_word' id='word_1_302' title='bbox 507 4306 645 4390; x_wconf 82' lang='lat' dir='ltr'>scriptor</span> <span class='ocrx_word' id='word_1_303' title='bbox 667 4305 700 4370; x_wconf 92' lang='lat' dir='ltr'>in</span> <span class='ocrx_word' id='word_1_304' title='bbox 723 4304 975 4389; x_wconf 80' lang='lat' dir='ltr'>interrogatione</span> <span class='ocrx_word' id='word_1_305' title='bbox 999 4303 1078 4372; x_wconf 79' lang='grc' dir='ltr'><strong>ἀλλὰ</strong></span> <span class='ocrx_word' id='word_1_306' title='bbox 1106 4309 1147 4398; x_wconf 77' lang='grc' dir='ltr'>μὴ</span> <span class='ocrx_word' id='word_1_307' title='bbox 1175 4319 1230 4375; x_wconf 76' lang='grc' dir='ltr'>τῶν</span> <span class='ocrx_word' id='word_1_308' title='bbox 1260 4305 1351 4389; x_wconf 82' lang='grc' dir='ltr'><strong>ἀναγ-</strong></span> 
     </span>
    </p>
   </div>
   <div class='ocr_carea' id='block_1_3' title="bbox 0 0 1720 5230">
    <p class='ocr_par' dir='ltr' id='par_1_5' title="bbox 0 0 1720 5230">
     <span class='ocr_line' id='line_1_36' title="bbox 0 0 1720 5230; baseline 0 0"><span class='ocrx_word' id='word_1_309' title='bbox 0 0 1720 5230; x_wconf 95' lang='lat' dir='ltr'> </span> 
     </span>
    </p>
   </div>
  </div>
 </body>
</html>
