3388 5236
786 513 982 572 ..2-

351 703 428 769 mihi
451 703 528 787 quid
551 704 670 769 consilii
695 703 882 770 sectandum
905 703 999 787 foret,
1023 705 1163 771 breviter
1186 705 1250 778 iam
1266 705 1418 771 indicauit

351 809 508 878 Niebuhr.
537 812 661 877 monuit
677 811 761 876 enim
772 811 820 876 vir
836 811 1028 878 clarissimus
1041 811 1162 877 Telelis
1178 811 1328 894 reliquias
1345 833 1418 877 cum

351 917 420 982 aliis
443 917 621 984 nominibus
644 918 782 1002 insignes
803 939 873 984 esse
895 923 1030 1001 tumeo,
1056 917 1143 1002 quod
1158 939 1222 1001 quo
1239 918 1417 985 devenisset

351 1030 428 1090 tunc
451 1026 606 1108 temporis
629 1024 817 1090 Atticorum
840 1046 944 1091 sermo
972 1025 1134 1091 luculento
1159 1025 1417 1091 demonstrarent

352 1132 509 1216 exemplo.
545 1153 624 1216 quas
647 1133 745 1216 igitur
760 1133 993 1199 vicissitudines
1010 1131 1196 1199 Atticorum
1219 1155 1324 1199 sermo
1340 1155 1416 1218 pau-

350 1238 439 1304 latim
470 1239 603 1305 subierit
622 1238 823 1323 ¹qualemque
853 1238 989 1305 formam
1017 1239 1156 1305 induerit
1184 1239 1303 1305 saeculi
1329 1240 1416 1305 tertii

351 1345 480 1411 dimidio
503 1346 606 1412 altero
630 1367 731 1430 quave
753 1347 880 1412 ratione
907 1347 948 1412 ad
972 1346 1097 1432 Polybii
1120 1348 1253 1431 aevique
1277 1345 1414 1413 Alexan·

351 1452 434 1517 drini
464 1475 562 1536 genus
590 1452 717 1519 dicendi
747 1453 904 1538 adspiret,
933 1459 1086 1538 quantum
1114 1452 1184 1520 fieri
1213 1454 1334 1538 poterit
1364 1453 1415 1519 de·

351 1558 491 1626 scribere
514 1568 570 1627 aut
594 1560 754 1626 delineare
777 1562 854 1626 mihi
876 1563 909 1626 in
933 1562 1037 1629 animo
1063 1569 1122 1628 est.
1160 1563 1194 1626 in
1217 1561 1416 1647 disponenda

350 1673 456 1733 autem
484 1669 620 1734 materia
647 1669 729 1734 hano
753 1670 835 1734 viam
858 1675 987 1735 secutus
1010 1691 1094 1753 sum,
1123 1675 1159 1734 ut
1186 1669 1322 1753 primum
1346 1691 1415 1753 per-

351 1797 511 1841 currerem
527 1776 650 1860 singnla
665 1777 892 1859 grammaticae
912 1776 1020 1860 capita
1035 1776 1197 1860 Kruegeri
1215 1777 1414 1860 potissimum

349 1882 421 1948 libri
444 1883 568 1949 ratione
597 1883 722 1966 habita,
751 1905 845 1968 quem
873 1884 969 1950 etiam
996 1884 1028 1948 in
1055 1884 1283 1949 vocabulorum
1309 1883 1415 1949 indice

352 1990 573 2075 componendo
589 1997 753 2074 tamquam
769 1990 883 2057 ducem
899 1995 1027 2057 secutus
1044 2013 1140 2072 eram,
1159 1991 1232 2056 dein
1247 1990 1415 2057 verborum

350 2097 509 2163 delectum
533 2119 668 2164 conarer
690 2099 849 2164 illustrare
874 2099 918 2163 eis
945 2098 1147 2183 potissimum
1170 2097 1332 2165 vocabulis
1351 2099 1414 2164 col·

349 2203 440 2269 lectis
465 2226 546 2288 quae
568 2227 587 2270 a
602 2207 747 2290 priorum
762 2226 822 2270 usu
839 2207 989 2271 recedere
1004 2206 1198 2289 viderentur,
1223 2206 1358 2288 denique
1375 2205 1414 2270 de

349 2299 414 2375 stili
430 2311 554 2376 Teletei
577 2311 700 2394 aliquot
722 2311 975 2395 proprietatibus
1000 2311 1236 2378 observationes
1261 2310 1412 2377 adderem

349 2417 492 2483 selectas.
524 2417 579 2484 ubi
598 2420 697 2502 igitur
713 2440 785 2483 cum
802 2417 987 2484 Atticorum
1008 2420 1149 2504 priorum
1164 2441 1224 2484 usu
1241 2424 1273 2484 et
1289 2418 1414 2502 syntaxi

349 2525 510 2590 consentit
534 2525 638 2591 oratio
662 2525 792 2606 Teletis,
821 2526 932 2608 paucis
956 2524 1084 2609 defungi
1106 2526 1201 2591 liceat
1224 2525 1413 2608 breviusque

348 2652 415 2696 rem
439 2631 615 2715 absolvere,
644 2631 740 2715 paulo
765 2637 872 2697 autem
904 2632 1089 2716 explicatius
1120 2653 1213 2715 agere
1244 2637 1343 2715 utque
1373 2630 1414 2697 ad

347 2759 444 2803 unum
462 2739 568 2804 omnia
583 2738 770 2804 adferantur
786 2740 939 2822 exempla,
956 2738 1011 2804 ubi
1027 2738 1197 2823 discrepat.
1216 2744 1357 2816 ceterum
1374 2739 1413 2803 de

349 2847 441 2929 copia
464 2845 631 2912 verborum
656 2851 688 2911 et
712 2846 838 2912 delectu
861 2847 937 2911 mihi
961 2846 1128 2912 disserenti
1153 2847 1289 2929 adparet
1318 2868 1413 2930 quarn

347 2953 425 3019 utile
441 2953 535 3019 fuerit
557 2953 707 3035 futurum,
729 2954 756 3018 si
773 2951 957 3019 Stoicorum
978 2951 1046 3019 fere
1067 2953 1256 3036 aequalium,
1278 2954 1413 3018 maxime

347 3059 525 3146 Chrysippi,
550 3060 730 3144 fragmenta
753 3062 785 3125 in
807 3083 905 3126 unum
929 3060 1017 3144 quod
1041 3061 1095 3125 diu
1119 3060 1320 3126 desideratur
1343 3081 1412 3125 cor·

346 3188 407 3251 pus
431 3167 566 3233 collecta
589 3173 784 3250 prostarent.
830 3189 915 3232 nuno
940 3173 977 3233 ut
1000 3189 1051 3232 res
1075 3173 1148 3232 sunt
1173 3189 1236 3251 quo
1260 3169 1414 3252 pauciora

347 3381 369 3434 si
380 3399 473 3435 verum
484 3385 526 3435 est
536 3382 618 3436 etiam
628 3381 705 3435 istius
715 3382 791 3436 modi
801 3382 990 3436 additamenta
1000 3400 1069 3452 qnae
1079 3383 1207 3453 leguntur
1216 3399 1243 3450 p.
1252 3383 1292 3449 12,
1303 3381 1412 3436 lHens.

347 3469 397 3541 ὅρα
410 3468 511 3542 σχολὴν
522 3471 566 3522 καὶ
577 3469 680 3522 παιδιάν
689 3489 695 3500 ·
703 3470 784 3543 ἡμεῖς
796 3469 830 3538 δὲ,
841 3471 889 3523 κᾶν
901 3469 983 3523 ἄλλον
993 3469 1099 3543 ἴδωμεν,
1113 3471 1273 3542 πεφρίκαμεν
1286 3489 1313 3539 p.
1326 3472 1367 3536 13,
1379 3471 1412 3524 15

346 3558 397 3630 ὅρα
409 3557 512 3611 παιδιάν
531 3579 565 3615 ex
583 3561 782 3629 epitomatoris,
802 3580 859 3616 non
878 3581 911 3616 ex
924 3562 1036 3616 lectoris
1054 3562 1099 3616 vel
1118 3561 1223 3615 librarii
1242 3561 1354 3615 alicuius
1373 3560 1413 3612 in·

345 3648 451 3703 dustria
463 3650 615 3717 repetenda
625 3667 692 3716 esse,
701 3649 769 3704 fides
779 3649 919 3705 Theodori
933 3650 1111 3705 confirmatur
1120 3651 1212 3719 potius
1223 3668 1304 3718 quarn
1317 3648 1412 3704 debili·

346 3741 429 3792 tatur.
453 3756 542 3807 neque
555 3739 628 3793 enim
640 3740 736 3794 harum
750 3739 850 3794 similes
864 3739 985 3808 ineptiae
998 3739 1150 3794 offeruntur
1161 3739 1214 3793 nisi
1233 3739 1260 3792 in
1278 3738 1332 3792 hoo
1351 3739 1411 3806 ipso

345 3830 465 3881 tractatu
479 3829 607 3882 secundo.
628 3829 701 3898 quod
714 3833 806 3883 autem
820 3829 990 3897 comparavit
1000 3829 1075 3884 Diels
1085 3846 1112 3896 p.
1123 3830 1165 3894 23,
1178 3830 1211 3881 10
1221 3827 1265 3878 καὶ
1276 3825 1356 3899 ἡμεῖς
1367 3826 1412 3897 μὲν

345 3914 516 3969 callistiani
529 3918 650 3988 ἅψασθαι
664 3916 788 3988 ὸκνοῦμεν
799 3936 805 3948 ·
817 3916 840 3970 οἱ
854 3916 882 3970 δὲ
896 3919 943 3984 (sc.
957 3914 1103 3988 Αἰγύπτιοι)
1117 3914 1327 3978 σκελετεὺσαντες
1342 3912 1412 3967 ἔνδον

346 4004 450 4076 ἔχουσιν
468 4007 528 4073 art„
546 4007 575 4060 id
595 4011 623 4062 et
641 4025 692 4076 per
711 4025 739 4062 se
757 4012 833 4062 reete
852 4025 880 4062 se
898 4007 984 4061 habet
1001 4025 1052 4061 nec
1071 4007 1142 4060 unde
1161 4024 1212 4075 per
1223 4005 1348 4060 Teletem
1366 4003 1411 4058 ad-

345 4100 482 4164 sumptum
502 4096 538 4149 sit
556 4097 638 4151 hodie
657 4097 686 4150 in
705 4096 788 4151 dubio
808 4101 858 4151 est.
887 4096 1041 4165 quidquod
1060 4114 1094 4150 ne
1112 4096 1172 4149 istis
1192 4096 1302 4165 quidem
1320 4093 1412 4149 verbis

345 4183 394 4255 ὅρα
413 4183 514 4257 σχολὴν
539 4185 590 4239 art.
619 4186 752 4240 sermonis
778 4186 889 4256 genuini
907 4185 1024 4254 vestigia
1046 4203 1159 4253 prorsus
1183 4186 1329 4240 obscurata
1353 4200 1412 4236 essa

344 4278 424 4341 putat
443 4274 624 4328 Wachsmuth
645 4275 705 4328 coll.
725 4274 788 4329 Arr.
809 4274 901 4343 Epict.
921 4274 985 4327 diss.
998 4273 1042 4327 IV
1056 4276 1079 4340 1,
1095 4276 1145 4326 166
1166 4280 1235 4328 extr.
