3398 5230
697 579 918 640 ..53-

276 770 431 854 Galenus,
448 767 895 855 Oribasius)oonseutanen1n
912 773 970 849 est,
995 767 1051 835 sed
1072 779 1228 855 μονοσιτεῖν
1248 769 1345 836 babet

275 878 441 962 Xenopho
467 883 500 942 et
522 876 732 943 Aristoteles.

342 983 507 1073 οἰκητήριον
523 984 658 1069 (Bionis,
675 989 712 1049 ut
727 981 866 1070 videtur)
885 986 915 1067 5,
930 986 959 1048 5.
976 987 1050 1049 aute
1066 983 1204 1050 Bionem
1216 982 1342 1069 Euripi-

274 1094 330 1160 des
354 1091 447 1159 offert
470 1089 527 1157 Or.
552 1095 648 1175 1114,
672 1091 769 1158 tertio
794 1091 923 1158 saeculo
947 1091 1119 1177 Lycophro
1143 1091 1240 1160 Alex.
1264 1096 1343 1175 3763

274 1200 481 1283 recentiores,
504 1200 591 1264 velut
614 1199 809 1265 Plutarchus
833 1198 872 1264 de
897 1199 990 1265 exilio
1013 1222 1046 1283 p.
1065 1205 1128 1264 602
1151 1199 1195 1283 Ι),
1219 1199 1260 1264 al.

340 1304 496 1393 ὀξυρεγμίορ
526 1311 698 1391 σπαράττειν
725 1311 776 1390 13,
794 1310 825 1374 6,
860 1305 957 1372 verbo
986 1327 1026 1372 ex
1054 1306 1147 1389 plebe
1174 1307 1278 1390 petito
1303 1306 1343 1372 de

272 1414 413 1481 mulieris
442 1412 608 1482 stomacho
636 1414 700 1479 iam
727 1413 830 1478 utitur
856 1411 1105 1497 Aristophanes.
1142 1410 1183 1478 cf.
1205 1412 1343 1478 Photius

272 1544 304 1605 p.
330 1525 404 1603 340,
431 1525 489 1585 22:
514 1517 694 1607 ὀξορεγμεῐν·
724 1517 792 1585 ὅταν
822 1516 893 1606 μεθ’
919 1517 1030 1607 ἡμέραν
1053 1516 1174 1605 aaaron
1197 1517 1217 1608 ή
1241 1526 1343 1609 τροφή·

273 1625 492 1716 Ἀριστοφάνης
507 1625 537 1691 ἐν
553 1624 671 1714 Σκηνὰς
685 1627 984 1713 καταλαμβανούσαις
1006 1629 1101 1710 (οοιιι.
1117 1626 1154 1691 ΙΙ
1171 1631 1190 1690 2
1206 1648 1238 1710 p.
1259 1629 1342 1691 1143

273 1735 312 1801 fr.
325 1735 358 1802 V
368 1735 484 1822 Mein.)
491 1739 543 1822 τήν
555 1730 718 1820 decoloratos
730 1730 822 1806 οὕτως
834 1733 903 1822 ἔφη·
920 1731 980 1797 (καὶ
991 1737 1049 1821 μὴν
1061 1733 1198 1811 ἄκουσον,
1214 1733 1239 1798 ὦ
1251 1735 1342 1816 ρι’)ναι,

274 1845 373 1929 θοροῦ
385 1842 457 1927 δίχα
469 1839 532 1904 Καὶ
543 1851 639 1925 κρῖνον
652 1836 725 1928 αὐτή
741 1844 783 1928 μὴ
794 1837 856 1927 μετ’
866 1836 1057 1927 ὀξορεήμίας’.
1081 1840 1143 1906 hoc
1151 1840 1342 1907 vocabulum

271 1951 357 2015 inter
378 1948 493 2015 Bionis
516 1944 647 2034 ὀνόματα
670 1951 796 2035 φορτικά
818 1947 887 2013 iure
909 1943 1035 2014 rettulit
1057 1947 1169 2014 Hense
1188 1968 1221 2031 p.
1238 1946 1341 2016 XLV.

339 2053 515 2142 ὁπλομάχος
538 2056 639 2139 (39,1
665 2057 712 2119 τὸν
736 2051 925 2141 ὁπλομάχον)
950 2059 998 2120 est
1020 2054 1173 2137 magister
1195 2054 1250 2138 qui
1265 2054 1340 2121 adu-

271 2163 430 2230 lescentes
454 2162 549 2228 armis
573 2161 738 2228 decertare
756 2160 862 2242 docet,
886 2181 960 2243 non,
977 2165 1014 2225 ut
1029 2161 1115 2244 apud
1130 2160 1284 2245 Xenoph.
1302 2161 1342 2228 de

272 2293 338 2354 rep.
354 2268 476 2337 Laced.
493 2268 550 2333 XI
566 2274 596 2351 8,
613 2269 668 2352 qui
684 2267 779 2333 armis
794 2268 863 2351 ipse
878 2272 1012 2351 pugnat.
1030 2272 1135 2333 exstat
1152 2267 1342 2334 vocabulum

272 2377 306 2442 iu
334 2375 595 2460 inscriptionibus
625 2375 698 2440 inde
730 2396 749 2440 a
778 2374 876 2441 tertio
909 2396 937 2440 a.
962 2373 1039 2440 Ohr.
1061 2396 1093 2441 n.
1127 2376 1267 2459 saeculo,
1299 2374 1340 2440 cf.

272 2483 460 2550 Μοίιιιοιλ.2
475 2505 507 2566 p.
522 2488 575 2566 98,
589 2487 619 2551 3.
643 2487 718 2566 post
730 2481 874 2548 Teletem
891 2480 1030 2548 offerunt
1042 2481 1155 2568 Polyb.
1168 2483 1207 2547 H
1219 2486 1271 2565 65,
1288 2487 1340 2566 11,

273 2589 390 2657 Strabo
407 2590 508 2676 (XVI
523 2612 555 2674 p.
575 2594 638 2655 752
661 2590 855 2676 πωλοδαμναι
877 2593 928 2653 καὶ
944 2586 1112 2677 ὁπλομάχοι
1127 2592 1178 2654 καὶ
1193 2587 1257 2654 ὅσοι
1271 2612 1341 2654 παι-

272 2700 368 2764 δεοταὶ
391 2708 446 2763 τῶν
469 2696 661 2784 πολεμικῶν),
685 2696 890 2764 Plutarchus

338 2800 544 2890 ὀρθοπρακὶας
570 2807 620 2886 14,
639 2808 669 2870 9.
703 2803 778 2869 alibi
805 2825 856 2868 mo
878 2802 985 2887 legere
1007 2822 1072 2869 non
1095 2805 1239 2887 memini,
1262 2802 1340 2870 rele-

275 2934 386 2995 gamur
409 2911 452 2976 ad
473 2908 642 2976 Strabonis
665 2910 773 2976 nescio
797 2931 891 2994 quem
914 2910 1029 2975 locum.
1065 2909 1123 2976 sed
1144 2907 1340 2998 ὀρθοπραγεῖν

273 3023 378 3084 exstat
401 3016 488 3102 apud
503 3016 724 3099 Aristotelem,
748 3014 819 3082 vide
835 3015 900 3081 ind.
917 3016 1045 3084 Bonita.
1062 3038 1086 3083 s.
1100 3040 1127 3085 v.
1163 3017 1201 3085 cf.
1219 3017 1338 3084 Demo·

272 3125 370 3191 oritus
395 3123 528 3191 Stobaei
550 3124 588 3190 ΙΙ
611 3146 642 3208 ρ.
660 3126 737 3206 211,
757 3126 796 3187 19
812 3121 980 3189 Wachsm.

337 3230 504 3316 περίστασις
528 3232 596 3316 (41,
620 3236 637 3294 7
664 3233 738 3314 πρὸς
760 3235 812 3318 τήν
835 3235 1000 3316 περίστασιν
1023 3227 1146 3315 ὁρῶντες
1169 3237 1202 3297 et
1224 3231 1340 3298 lemma

271 3341 377 3423 40,1)
400 3338 556 3422 temporis
584 3337 667 3402 ratio
696 3342 745 3402 est
767 3336 816 3402 vel
845 3342 1027 3422 temporum
1048 3337 1199 3404 condicio
1223 3337 1338 3422 signifi-

271 3445 396 3510 catione
419 3450 455 3509 ut
470 3443 606 3530 Polybio
630 3443 837 3528 perfamiliari
858 3444 905 3510 ita
928 3445 968 3510 ab
984 3443 1105 3510 Atticis
1130 3445 1338 3530 scriptoribus

272 3552 384 3620 aliena.
421 3551 460 3616 cf.
477 3550 621 3618 Kaolker
642 3551 663 3616 l.
681 3572 709 3618 o.
725 3573 757 3636 p.
775 3555 850 3616 302.

338 3659 473 3731 πλακοῦς
496 3657 541 3745 (5,
560 3662 579 3722 2
602 3669 685 3742 πεινᾷ
708 3680 751 3730 τις
772 3659 953 3744 πλακοῦντα)
979 3664 1029 3724 eat
1056 3679 1119 3724 vox
1146 3659 1230 3724 vitae
1258 3659 1337 3726 coti-

271 3766 399 3849 dianae,
428 3766 512 3832 unde
536 3766 732 3832 comicorum
756 3765 812 3853 (cf.
834 3764 950 3832 Iacobi
976 3765 1042 3831 ind.
1066 3787 1148 3832 com.
1173 3788 1198 3832 a.
1221 3769 1278 3853 u),
1301 3773 1338 3832 nt

270 3879 357 3940 recte
387 3872 565 3940 observavit
589 3871 720 3939 Schmid
750 3877 811 3939 der
833 3875 1029 3939 Atticicmuc
1055 3873 1074 3938 Ι
1100 3896 1132 3958 ρ.
1156 3877 1230 3938 316.
1269 3879 1336 3940 nte·

270 3979 388 4047 bantur
410 3980 471 4045 hac
494 3981 591 4045 etiam
613 3981 819 4064 recentiores,
843 3979 942 4064 Plut.,
966 3979 1084 4064 Epict,
1108 3978 1189 4045 Luc.

336 4089 523 4174 πλεονασμός
550 4088 616 4172 (39,
641 4090 682 4152 14
710 4098 750 4172 τῷ
776 4088 952 4173 πλεονασμῷ
975 4097 1030 4151 τῶν
1053 4084 1180 4174 ἡδονῶν)
1203 4107 1268 4152 non
1291 4088 1336 4152 in-

270 4195 369 4260 veniri
384 4194 510 4260 videtur
525 4199 600 4260 ante
617 4192 843 4276 Aristotelem,
861 4194 997 4259 recurrit
1012 4192 1098 4277 apud
1110 4193 1235 4279 Polyb,
1248 4193 1336 4262 Plut.

335 4307 471 4390 ποιήτρια
484 4306 513 4384 3,
527 4298 631 4390 seseq
647 4299 704 4387 (sc.
721 4298 740 4389 ἡ
754 4301 845 4389 α’)χή)
859 4349 865 4364 .
878 4349 885 4364 .
898 4349 905 4364 .
918 4298 1015 4386 ὥσπερ
1028 4306 1164 4389 ποιήτρια
1181 4300 1331 4388 (Bionis),
