<?xml version="1.0" encoding="UTF-8"?>
<!DOCTYPE html PUBLIC "-//W3C//DTD XHTML 1.0 Transitional//EN"
    "http://www.w3.org/TR/xhtml1/DTD/xhtml1-transitional.dtd">
<html xmlns="http://www.w3.org/1999/xhtml" xml:lang="en" lang="en">
 <head>
  <title>
</title>
<meta http-equiv="Content-Type" content="text/html;charset=utf-8" />
  <meta name='ocr-system' content='tesseract 3.04.00' />
  <meta name='ocr-capabilities' content='ocr_page ocr_carea ocr_par ocr_line ocrx_word'/>
</head>
<body>
  <div class='ocr_page' id='page_1' title='image "./deteletiselocut00mlgoog_0075.png"; bbox 0 0 3398 5230; ppageno 0'>
   <div class='ocr_carea' id='block_1_1' title="bbox 786 569 1004 628">
    <p class='ocr_par' dir='ltr' id='par_1_1' title="bbox 786 569 1004 628">
     <span class='ocr_line' id='line_1_1' title="bbox 786 569 1004 628; baseline -0.014 -13"><span class='ocrx_word' id='word_1_1' title='bbox 786 569 911 628; x_wconf 74' lang='lat'>.-58</span> <span class='ocrx_word' id='word_1_2' title='bbox 964 603 1004 612; x_wconf 84' lang='lat'>..</span> 
     </span>
    </p>
   </div>
   <div class='ocr_carea' id='block_1_2' title="bbox 356 757 1434 4372">
    <p class='ocr_par' dir='ltr' id='par_1_2' title="bbox 356 757 1434 4372">
     <span class='ocr_line' id='line_1_2' title="bbox 357 757 1427 843; baseline -0.004 -18"><span class='ocrx_word' id='word_1_3' title='bbox 357 765 411 843; x_wconf 88' lang='lat' dir='ltr'>aa,</span> <span class='ocrx_word' id='word_1_4' title='bbox 428 765 458 825; x_wconf 84' lang='lat' dir='ltr'>a</span> <span class='ocrx_word' id='word_1_5' title='bbox 482 763 536 842; x_wconf 78' lang='grc' dir='ltr'>ει,</span> <span class='ocrx_word' id='word_1_6' title='bbox 556 763 606 824; x_wconf 89' lang='lat'>13.</span> <span class='ocrx_word' id='word_1_7' title='bbox 631 759 805 841; x_wconf 78' lang='lat' dir='ltr'>45,1.1o.</span> <span class='ocrx_word' id='word_1_8' title='bbox 832 761 883 824; x_wconf 79' lang='grc' dir='ltr'>ιε.</span> <span class='ocrx_word' id='word_1_9' title='bbox 908 760 962 840; x_wconf 84' lang='lat'>46,</span> <span class='ocrx_word' id='word_1_10' title='bbox 980 763 1011 825; x_wconf 86' lang='grc' dir='ltr'>ι.</span> <span class='ocrx_word' id='word_1_11' title='bbox 1035 760 1089 840; x_wconf 83' lang='lat'>47,</span> <span class='ocrx_word' id='word_1_12' title='bbox 1109 760 1159 822; x_wconf 79' lang='lat'>15.</span> <span class='ocrx_word' id='word_1_13' title='bbox 1184 760 1238 841; x_wconf 79' lang='grc' dir='ltr'>ιο,</span> <span class='ocrx_word' id='word_1_14' title='bbox 1255 763 1285 821; x_wconf 81' lang='lat' dir='ltr'>a</span> <span class='ocrx_word' id='word_1_15' title='bbox 1322 757 1427 842; x_wconf 72' lang='lat' dir='ltr'>neque</span> 
     </span>
     <span class='ocr_line' id='line_1_3' title="bbox 357 864 1426 947; baseline -0.004 -15"><span class='ocrx_word' id='word_1_16' title='bbox 357 867 506 932; x_wconf 79' lang='lat' dir='ltr'><strong>duritiem</strong></span> <span class='ocrx_word' id='word_1_17' title='bbox 538 867 571 930; x_wconf 90' lang='lat' dir='ltr'>in</span> <span class='ocrx_word' id='word_1_18' title='bbox 598 865 648 930; x_wconf 87' lang='lat' dir='ltr'>his</span> <span class='ocrx_word' id='word_1_19' title='bbox 678 864 799 930; x_wconf 88' lang='lat' dir='ltr'>devitat</span> <span class='ocrx_word' id='word_1_20' title='bbox 825 864 1180 931; x_wconf 77' lang='lat' dir='ltr'>vel&#39;inconcinnitatem</span> <span class='ocrx_word' id='word_1_21' title='bbox 1205 864 1292 929; x_wconf 89' lang='lat' dir='ltr'>velut</span> <span class='ocrx_word' id='word_1_22' title='bbox 1321 868 1374 947; x_wconf 85' lang='lat'>34,</span> <span class='ocrx_word' id='word_1_23' title='bbox 1396 870 1426 928; x_wconf 90' lang='lat'>3.</span> 
     </span>
     <span class='ocr_line' id='line_1_4' title="bbox 356 967 1428 1061; baseline -0.005 -22"><span class='ocrx_word' id='word_1_24' title='bbox 356 971 376 1061; x_wconf 84' lang='grc' dir='ltr'>ἡ</span> <span class='ocrx_word' id='word_1_25' title='bbox 399 977 483 1039; x_wconf 87' lang='grc' dir='ltr'>πενία</span> <span class='ocrx_word' id='word_1_26' title='bbox 504 973 611 1037; x_wconf 84' lang='grc' dir='ltr'>ιιυλίιει</span> <span class='ocrx_word' id='word_1_27' title='bbox 638 974 711 1058; x_wconf 83' lang='grc' dir='ltr'>πρὸς</span> <span class='ocrx_word' id='word_1_28' title='bbox 738 973 770 1036; x_wconf 85' lang='grc' dir='ltr'>τὸ</span> <span class='ocrx_word' id='word_1_29' title='bbox 799 972 988 1060; x_wconf 82' lang='grc' dir='ltr'>φιλοσοφεῖν,</span> <span class='ocrx_word' id='word_1_30' title='bbox 1017 968 1033 1034; x_wconf 87' lang='grc' dir='ltr'>ὁ</span> <span class='ocrx_word' id='word_1_31' title='bbox 1058 970 1090 1034; x_wconf 86' lang='grc' dir='ltr'>δὲ</span> <span class='ocrx_word' id='word_1_32' title='bbox 1117 972 1245 1042; x_wconf 83' lang='grc' dir='ltr'>πλοῦτος</span> <span class='ocrx_word' id='word_1_33' title='bbox 1273 967 1315 1043; x_wconf 87' lang='grc' dir='ltr'>είς</span> <span class='ocrx_word' id='word_1_34' title='bbox 1337 980 1428 1034; x_wconf 82' lang='grc' dir='ltr'>ταῦτα</span> 
     </span>
     <span class='ocr_line' id='line_1_5' title="bbox 356 1076 1428 1168; baseline -0.002 -25"><span class='ocrx_word' id='word_1_35' title='bbox 356 1086 512 1168; x_wconf 77' lang='grc' dir='ltr'>χρήσιμον,</span> <span class='ocrx_word' id='word_1_36' title='bbox 537 1078 623 1163; x_wconf 94' lang='lat' dir='ltr'>quod</span> <span class='ocrx_word' id='word_1_37' title='bbox 648 1077 827 1144; x_wconf 82' lang='lat' dir='ltr'><strong>observavit</strong></span> <span class='ocrx_word' id='word_1_38' title='bbox 852 1077 962 1145; x_wconf 85' lang='lat' dir='ltr'>Hense</span> <span class='ocrx_word' id='word_1_39' title='bbox 985 1099 1017 1161; x_wconf 85' lang='lat' dir='ltr'>p.</span> <span class='ocrx_word' id='word_1_40' title='bbox 1033 1076 1136 1142; x_wconf 90' lang='lat' dir='ltr'><strong>XIX.</strong></span> <span class='ocrx_word' id='word_1_41' title='bbox 1172 1077 1318 1143; x_wconf 88' lang='lat' dir='ltr'>consulto</span> <span class='ocrx_word' id='word_1_42' title='bbox 1336 1077 1428 1142; x_wconf 91' lang='lat' dir='ltr'>omisi</span> 
     </span>
     <span class='ocr_line' id='line_1_6' title="bbox 360 1183 1427 1270; baseline -0.003 -19"><span class='ocrx_word' id='word_1_43' title='bbox 360 1191 410 1268; x_wconf 92' lang='grc'>11,</span> <span class='ocrx_word' id='word_1_44' title='bbox 427 1189 478 1270; x_wconf 92' lang='grc'>15,</span> <span class='ocrx_word' id='word_1_45' title='bbox 495 1186 534 1251; x_wconf 88' lang='lat' dir='ltr'>de</span> <span class='ocrx_word' id='word_1_46' title='bbox 551 1207 614 1269; x_wconf 90' lang='lat' dir='ltr'>quo</span> <span class='ocrx_word' id='word_1_47' title='bbox 630 1185 702 1252; x_wconf 88' lang='lat' dir='ltr'>loco</span> <span class='ocrx_word' id='word_1_48' title='bbox 714 1185 883 1252; x_wconf 86' lang='lat' dir='ltr'>videantur</span> <span class='ocrx_word' id='word_1_49' title='bbox 898 1205 980 1269; x_wconf 90' lang='lat' dir='ltr'>quae</span> <span class='ocrx_word' id='word_1_50' title='bbox 993 1184 1117 1250; x_wconf 91' lang='lat' dir='ltr'>monuit</span> <span class='ocrx_word' id='word_1_51' title='bbox 1133 1183 1249 1252; x_wconf 83' lang='lat' dir='ltr'><strong>editor.</strong></span> <span class='ocrx_word' id='word_1_52' title='bbox 1281 1187 1307 1249; x_wconf 94' lang='grc' dir='ltr'>τί</span> <span class='ocrx_word' id='word_1_53' title='bbox 1322 1188 1379 1267; x_wconf 85' lang='grc' dir='ltr'>γὰρ</span> <span class='ocrx_word' id='word_1_54' title='bbox 1395 1187 1427 1248; x_wconf 84' lang='grc' dir='ltr'>τὸ</span> 
     </span>
     <span class='ocr_line' id='line_1_7' title="bbox 358 1291 1427 1381; baseline -0.003 -23"><span class='ocrx_word' id='word_1_55' title='bbox 358 1295 512 1381; x_wconf 88' lang='grc' dir='ltr'>διοίφορον;</span> <span class='ocrx_word' id='word_1_56' title='bbox 536 1292 616 1359; x_wconf 86' lang='lat' dir='ltr'>dixit</span> <span class='ocrx_word' id='word_1_57' title='bbox 639 1291 734 1359; x_wconf 76' lang='lat' dir='ltr'>&#39;l&#39;eles</span> <span class='ocrx_word' id='word_1_58' title='bbox 760 1295 884 1376; x_wconf 87' lang='grc'>21,15,</span> <span class='ocrx_word' id='word_1_59' title='bbox 917 1295 942 1356; x_wconf 87' lang='grc' dir='ltr'>τί</span> <span class='ocrx_word' id='word_1_60' title='bbox 964 1295 996 1356; x_wconf 86' lang='grc' dir='ltr'>τὸ</span> <span class='ocrx_word' id='word_1_61' title='bbox 1020 1293 1176 1379; x_wconf 59' lang='grc' dir='ltr'>δυσχερές</span> <span class='ocrx_word' id='word_1_62' title='bbox 1206 1296 1258 1374; x_wconf 90' lang='grc'>23,</span> <span class='ocrx_word' id='word_1_63' title='bbox 1284 1295 1313 1374; x_wconf 93' lang='grc'>1,</span> <span class='ocrx_word' id='word_1_64' title='bbox 1342 1291 1427 1357; x_wconf 89' lang='lat' dir='ltr'>idem</span> 
     </span>
     <span class='ocr_line' id='line_1_8' title="bbox 357 1393 1428 1488; baseline -0.003 -22"><span class='ocrx_word' id='word_1_65' title='bbox 357 1393 486 1467; x_wconf 86' lang='lat' dir='ltr'>uberius</span> <span class='ocrx_word' id='word_1_66' title='bbox 508 1405 534 1465; x_wconf 93' lang='grc' dir='ltr'>τί</span> <span class='ocrx_word' id='word_1_67' title='bbox 555 1400 636 1465; x_wconf 75' lang='grc' dir='ltr'>ἔσται</span> <span class='ocrx_word' id='word_1_68' title='bbox 658 1403 690 1463; x_wconf 80' lang='grc' dir='ltr'>τὸ</span> <span class='ocrx_word' id='word_1_69' title='bbox 719 1400 874 1488; x_wconf 86' lang='grc' dir='ltr'>διάφορον;</span> <span class='ocrx_word' id='word_1_70' title='bbox 903 1404 956 1482; x_wconf 90' lang='grc'>22,</span> <span class='ocrx_word' id='word_1_71' title='bbox 980 1404 999 1463; x_wconf 88' lang='grc'>9</span> <span class='ocrx_word' id='word_1_72' title='bbox 1023 1404 1056 1466; x_wconf 84' lang='lat' dir='ltr'>et</span> <span class='ocrx_word' id='word_1_73' title='bbox 1078 1403 1104 1462; x_wconf 91' lang='grc' dir='ltr'>τί</span> <span class='ocrx_word' id='word_1_74' title='bbox 1125 1398 1206 1464; x_wconf 75' lang='grc' dir='ltr'>ἔσται</span> <span class='ocrx_word' id='word_1_75' title='bbox 1235 1402 1267 1462; x_wconf 80' lang='grc' dir='ltr'>τὸ</span> <span class='ocrx_word' id='word_1_76' title='bbox 1295 1398 1428 1487; x_wconf 79' lang='grc' dir='ltr'>χαλεπόν</span> 
     </span>
     <span class='ocr_line' id='line_1_9' title="bbox 359 1503 1429 1594; baseline -0.003 -21"><span class='ocrx_word' id='word_1_77' title='bbox 359 1513 412 1590; x_wconf 87' lang='grc'>23,</span> <span class='ocrx_word' id='word_1_78' title='bbox 429 1512 459 1578; x_wconf 85' lang='lat'>8.</span> <span class='ocrx_word' id='word_1_79' title='bbox 482 1515 675 1592; x_wconf 79' lang='lat' dir='ltr'>pervagatae</span> <span class='ocrx_word' id='word_1_80' title='bbox 698 1513 773 1573; x_wconf 90' lang='lat' dir='ltr'>sunt</span> <span class='ocrx_word' id='word_1_81' title='bbox 797 1506 924 1572; x_wconf 88' lang='lat' dir='ltr'>dicendi</span> <span class='ocrx_word' id='word_1_82' title='bbox 945 1505 1101 1571; x_wconf 84' lang='lat' dir='ltr'>formulae</span> <span class='ocrx_word' id='word_1_83' title='bbox 1118 1505 1208 1592; x_wconf 75' lang='grc' dir='ltr'>δῆλον</span> <span class='ocrx_word' id='word_1_84' title='bbox 1229 1503 1281 1582; x_wconf 78' lang='grc' dir='ltr'>ὅτι,</span> <span class='ocrx_word' id='word_1_85' title='bbox 1305 1508 1429 1594; x_wconf 82' lang='grc' dir='ltr'>φανερὸν</span> 
     </span>
     <span class='ocr_line' id='line_1_10' title="bbox 358 1611 1429 1699; baseline -0.005 -19"><span class='ocrx_word' id='word_1_86' title='bbox 358 1614 410 1692; x_wconf 80' lang='grc' dir='ltr'>ὅτι,</span> <span class='ocrx_word' id='word_1_87' title='bbox 433 1613 520 1692; x_wconf 82' lang='grc' dir='ltr'>εὐιός,</span> <span class='ocrx_word' id='word_1_88' title='bbox 545 1615 585 1682; x_wconf 88' lang='lat' dir='ltr'>cf.</span> <span class='ocrx_word' id='word_1_89' title='bbox 609 1614 675 1680; x_wconf 87' lang='lat' dir='ltr'>iud.</span> <span class='ocrx_word' id='word_1_90' title='bbox 699 1613 785 1680; x_wconf 89' lang='lat' dir='ltr'>verb.</span> <span class='ocrx_word' id='word_1_91' title='bbox 809 1611 979 1680; x_wconf 84' lang='lat' dir='ltr'>formulam</span> <span class='ocrx_word' id='word_1_92' title='bbox 1004 1612 1089 1695; x_wconf 79' lang='grc' dir='ltr'>δεῦρο</span> <span class='ocrx_word' id='word_1_93' title='bbox 1113 1612 1150 1699; x_wconf 82' lang='grc' dir='ltr'>δη</span> <span class='ocrx_word' id='word_1_94' title='bbox 1175 1615 1265 1695; x_wconf 87' lang='grc'>8,19</span> <span class='ocrx_word' id='word_1_95' title='bbox 1290 1611 1429 1696; x_wconf 83' lang='lat' dir='ltr'>explicat</span> 
     </span>
     <span class='ocr_line' id='line_1_11' title="bbox 358 1717 1429 1805; baseline -0.006 -17"><span class='ocrx_word' id='word_1_96' title='bbox 358 1722 483 1805; x_wconf 89' lang='lat' dir='ltr'>Krueg.</span> <span class='ocrx_word' id='word_1_97' title='bbox 509 1726 561 1804; x_wconf 87' lang='grc'>62,</span> <span class='ocrx_word' id='word_1_98' title='bbox 580 1726 610 1805; x_wconf 90' lang='grc'>3,</span> <span class='ocrx_word' id='word_1_99' title='bbox 630 1724 658 1784; x_wconf 90' lang='lat'>1.</span> <span class='ocrx_word' id='word_1_100' title='bbox 692 1717 760 1786; x_wconf 87' lang='grc' dir='ltr'>είσίν</span> <span class='ocrx_word' id='word_1_101' title='bbox 784 1718 979 1785; x_wconf 88' lang='lat' dir='ltr'>audiendum</span> <span class='ocrx_word' id='word_1_102' title='bbox 1003 1723 1052 1784; x_wconf 89' lang='lat' dir='ltr'>est</span> <span class='ocrx_word' id='word_1_103' title='bbox 1074 1720 1108 1784; x_wconf 91' lang='lat' dir='ltr'>iu</span> <span class='ocrx_word' id='word_1_104' title='bbox 1130 1717 1262 1784; x_wconf 88' lang='lat' dir='ltr'>Bioneis</span> <span class='ocrx_word' id='word_1_105' title='bbox 1290 1718 1339 1784; x_wconf 91' lang='lat' dir='ltr'>his</span> <span class='ocrx_word' id='word_1_106' title='bbox 1363 1721 1429 1800; x_wconf 91' lang='grc'>4,9</span> 
     </span>
     <span class='ocr_line' id='line_1_12' title="bbox 358 1821 1430 1915; baseline -0.003 -23"><span class='ocrx_word' id='word_1_107' title='bbox 358 1827 378 1914; x_wconf 82' lang='grc' dir='ltr'><strong>ἢ</strong></span> <span class='ocrx_word' id='word_1_108' title='bbox 396 1825 430 1892; x_wconf 80' lang='grc' dir='ltr'>οἰ)</span> <span class='ocrx_word' id='word_1_109' title='bbox 446 1831 550 1915; x_wconf 82' lang='grc' dir='ltr'>μεσταί</span> <span class='ocrx_word' id='word_1_110' title='bbox 565 1832 617 1915; x_wconf 76' lang='grc' dir='ltr'>ριἐν</span> <span class='ocrx_word' id='word_1_111' title='bbox 640 1823 671 1890; x_wconf 83' lang='grc' dir='ltr'>αἱ</span> <span class='ocrx_word' id='word_1_112' title='bbox 694 1825 758 1891; x_wconf 83' lang='grc' dir='ltr'>ὁδοί</span> <span class='ocrx_word' id='word_1_113' title='bbox 774 1827 927 1914; x_wconf 84' lang='grc' dir='ltr'>λαχάνων;</span> <span class='ocrx_word' id='word_1_114' title='bbox 951 1827 1073 1914; x_wconf 78' lang='grc' dir='ltr'>πλήρεις</span> <span class='ocrx_word' id='word_1_115' title='bbox 1090 1827 1122 1890; x_wconf 84' lang='grc' dir='ltr'>δὲ</span> <span class='ocrx_word' id='word_1_116' title='bbox 1137 1823 1167 1889; x_wconf 87' lang='grc' dir='ltr'>αἱ</span> <span class='ocrx_word' id='word_1_117' title='bbox 1181 1836 1288 1914; x_wconf 77' lang='grc' dir='ltr'>κρῆναι</span> <span class='ocrx_word' id='word_1_118' title='bbox 1308 1821 1430 1902; x_wconf 54' lang='grc' dir='ltr'>ὕδατος</span> 
     </span>
     <span class='ocr_line' id='line_1_13' title="bbox 358 1931 1431 2020; baseline -0.005 -20"><span class='ocrx_word' id='word_1_119' title='bbox 358 1937 435 2000; x_wconf 88' lang='lat' dir='ltr'>item</span> <span class='ocrx_word' id='word_1_120' title='bbox 462 1939 514 2017; x_wconf 89' lang='grc'>16,</span> <span class='ocrx_word' id='word_1_121' title='bbox 533 1937 551 1998; x_wconf 98' lang='grc'>5</span> <span class='ocrx_word' id='word_1_122' title='bbox 576 1931 610 1998; x_wconf 85' lang='lat' dir='ltr'>ob</span> <span class='ocrx_word' id='word_1_123' title='bbox 632 1934 772 2020; x_wconf 82' lang='grc' dir='ltr'>πάρεδροι</span> <span class='ocrx_word' id='word_1_124' title='bbox 794 1937 845 1997; x_wconf 87' lang='grc' dir='ltr'>ιιοιί</span> <span class='ocrx_word' id='word_1_125' title='bbox 868 1933 1043 2019; x_wconf 74' lang='grc' dir='ltr'>συμβουλοις</span> <span class='ocrx_word' id='word_1_126' title='bbox 1075 1933 1172 1997; x_wconf 90' lang='lat' dir='ltr'>etiam</span> <span class='ocrx_word' id='word_1_127' title='bbox 1196 1932 1431 1998; x_wconf 89' lang='lat' dir='ltr'>coniunctivum</span> 
     </span>
     <span class='ocr_line' id='line_1_14' title="bbox 362 2039 1432 2128; baseline -0.002 -22"><span class='ocrx_word' id='word_1_128' title='bbox 362 2043 459 2128; x_wconf 74' lang='grc' dir='ltr'>ηπου</span> <span class='ocrx_word' id='word_1_129' title='bbox 472 2063 643 2124; x_wconf 82' lang='lat' dir='ltr'><strong>numquam</strong></span> <span class='ocrx_word' id='word_1_130' title='bbox 660 2041 853 2106; x_wconf 88' lang='lat' dir='ltr'>audiendum</span> <span class='ocrx_word' id='word_1_131' title='bbox 866 2061 935 2107; x_wconf 88' lang='lat' dir='ltr'>esse</span> <span class='ocrx_word' id='word_1_132' title='bbox 947 2041 1072 2106; x_wconf 91' lang='lat' dir='ltr'>monuit</span> <span class='ocrx_word' id='word_1_133' title='bbox 1084 2039 1198 2123; x_wconf 89' lang='lat' dir='ltr'>editor,</span> <span class='ocrx_word' id='word_1_134' title='bbox 1216 2040 1271 2122; x_wconf 92' lang='lat' dir='ltr'>qui</span> <span class='ocrx_word' id='word_1_135' title='bbox 1286 2039 1432 2124; x_wconf 86' lang='lat' dir='ltr'>exempla</span> 
     </span>
     <span class='ocr_line' id='line_1_15' title="bbox 363 2146 1430 2233; baseline -0.004 -19"><span class='ocrx_word' id='word_1_136' title='bbox 363 2149 495 2233; x_wconf 73' lang='lat' dir='ltr'>collegit</span> <span class='ocrx_word' id='word_1_137' title='bbox 517 2172 549 2233; x_wconf 91' lang='lat' dir='ltr'>p.</span> <span class='ocrx_word' id='word_1_138' title='bbox 573 2147 676 2212; x_wconf 88' lang='lat' dir='ltr'>XIX.</span> <span class='ocrx_word' id='word_1_139' title='bbox 701 2147 742 2213; x_wconf 89' lang='lat' dir='ltr'>cf.</span> <span class='ocrx_word' id='word_1_140' title='bbox 767 2147 915 2214; x_wconf 72' lang='grc' dir='ltr'>Κιιοίυι.2</span> <span class='ocrx_word' id='word_1_141' title='bbox 939 2147 977 2212; x_wconf 91' lang='grc' dir='ltr'>ΙΙ</span> <span class='ocrx_word' id='word_1_142' title='bbox 999 2152 1015 2211; x_wconf 97' lang='lat' dir='ltr'>l</span> <span class='ocrx_word' id='word_1_143' title='bbox 1038 2170 1070 2230; x_wconf 92' lang='lat' dir='ltr'>p.</span> <span class='ocrx_word' id='word_1_144' title='bbox 1089 2151 1142 2211; x_wconf 84' lang='lat'>37.</span> <span class='ocrx_word' id='word_1_145' title='bbox 1190 2146 1354 2212; x_wconf 88' lang='lat' dir='ltr'>sedidem</span> <span class='ocrx_word' id='word_1_146' title='bbox 1377 2146 1430 2211; x_wconf 92' lang='lat' dir='ltr'>ille</span> 
     </span>
     <span class='ocr_line' id='line_1_16' title="bbox 361 2251 1428 2342; baseline -0.006 -20"><span class='ocrx_word' id='word_1_147' title='bbox 361 2256 440 2322; x_wconf 85' lang='lat' dir='ltr'>vidit</span> <span class='ocrx_word' id='word_1_148' title='bbox 456 2253 514 2342; x_wconf 82' lang='lat' dir='ltr'>eipt</span> <span class='ocrx_word' id='word_1_149' title='bbox 528 2253 732 2321; x_wconf 90' lang='lat' dir='ltr'>inserendum</span> <span class='ocrx_word' id='word_1_150' title='bbox 748 2275 817 2321; x_wconf 88' lang='lat' dir='ltr'>esse</span> <span class='ocrx_word' id='word_1_151' title='bbox 835 2259 888 2338; x_wconf 90' lang='grc'>20,</span> <span class='ocrx_word' id='word_1_152' title='bbox 905 2259 938 2318; x_wconf 85' lang='lat'>8:</span> <span class='ocrx_word' id='word_1_153' title='bbox 962 2251 1014 2339; x_wconf 76' lang='grc' dir='ltr'>ἐμὲ</span> <span class='ocrx_word' id='word_1_154' title='bbox 1030 2255 1063 2318; x_wconf 85' lang='grc' dir='ltr'>δὲ</span> <span class='ocrx_word' id='word_1_155' title='bbox 1079 2251 1103 2317; x_wconf 75' lang='grc' dir='ltr'>εἰ</span> <span class='ocrx_word' id='word_1_156' title='bbox 1119 2259 1162 2340; x_wconf 81' lang='grc' dir='ltr'>γιη</span> <span class='ocrx_word' id='word_1_157' title='bbox 1178 2251 1280 2339; x_wconf 80' lang='grc' dir='ltr'>&lt;είμι&gt;</span> <span class='ocrx_word' id='word_1_158' title='bbox 1297 2255 1428 2341; x_wconf 79' lang='grc' dir='ltr'>πολίτης,</span> 
     </span>
     <span class='ocr_line' id='line_1_17' title="bbox 362 2360 1429 2446; baseline -0.001 -19"><span class='ocrx_word' id='word_1_159' title='bbox 362 2360 514 2440; x_wconf 75' lang='grc' dir='ltr'>ὀνειδίζεις,</span> <span class='ocrx_word' id='word_1_160' title='bbox 539 2362 578 2428; x_wconf 84' lang='lat' dir='ltr'>cf.</span> <span class='ocrx_word' id='word_1_161' title='bbox 601 2361 727 2446; x_wconf 87' lang='lat' dir='ltr'>Krueg.</span> <span class='ocrx_word' id='word_1_162' title='bbox 753 2367 805 2444; x_wconf 86' lang='grc'>62,</span> <span class='ocrx_word' id='word_1_163' title='bbox 827 2365 855 2445; x_wconf 95' lang='grc'>1,</span> <span class='ocrx_word' id='word_1_164' title='bbox 874 2366 903 2429; x_wconf 88' lang='grc'>5.</span> <span class='ocrx_word' id='word_1_165' title='bbox 937 2361 999 2426; x_wconf 87' lang='lat' dir='ltr'>alia</span> <span class='ocrx_word' id='word_1_166' title='bbox 1020 2360 1119 2427; x_wconf 82' lang='lat' dir='ltr'>verba</span> <span class='ocrx_word' id='word_1_167' title='bbox 1141 2360 1305 2426; x_wconf 83' lang='lat' dir='ltr'>subaudiri</span> <span class='ocrx_word' id='word_1_168' title='bbox 1328 2360 1429 2426; x_wconf 89' lang='lat' dir='ltr'>voluit</span> 
     </span>
     <span class='ocr_line' id='line_1_18' title="bbox 363 2467 1430 2552; baseline -0.004 -16"><span class='ocrx_word' id='word_1_169' title='bbox 363 2470 457 2536; x_wconf 77' lang='lat' dir='ltr'>Tales</span> <span class='ocrx_word' id='word_1_170' title='bbox 480 2470 535 2535; x_wconf 93' lang='lat' dir='ltr'>ubi</span> <span class='ocrx_word' id='word_1_171' title='bbox 557 2469 649 2535; x_wconf 83' lang='lat' dir='ltr'>facile</span> <span class='ocrx_word' id='word_1_172' title='bbox 673 2468 864 2552; x_wconf 81' lang='lat' dir='ltr'>supplentur</span> <span class='ocrx_word' id='word_1_173' title='bbox 888 2491 927 2535; x_wconf 86' lang='lat' dir='ltr'>ex</span> <span class='ocrx_word' id='word_1_174' title='bbox 950 2468 1177 2552; x_wconf 75' lang='lat' dir='ltr'>superioribuS‚</span> <span class='ocrx_word' id='word_1_175' title='bbox 1202 2467 1288 2534; x_wconf 86' lang='lat' dir='ltr'>velut</span> <span class='ocrx_word' id='word_1_176' title='bbox 1310 2467 1344 2533; x_wconf 92' lang='lat' dir='ltr'>iu</span> <span class='ocrx_word' id='word_1_177' title='bbox 1366 2467 1430 2534; x_wconf 87' lang='lat' dir='ltr'>for·</span> 
     </span>
     <span class='ocr_line' id='line_1_19' title="bbox 362 2574 1430 2663; baseline -0.004 -19"><span class='ocrx_word' id='word_1_178' title='bbox 362 2577 449 2643; x_wconf 90' lang='lat' dir='ltr'>mula</span> <span class='ocrx_word' id='word_1_179' title='bbox 471 2575 495 2640; x_wconf 88' lang='grc' dir='ltr'>εί</span> <span class='ocrx_word' id='word_1_180' title='bbox 519 2577 551 2640; x_wconf 83' lang='grc' dir='ltr'>δὲ</span> <span class='ocrx_word' id='word_1_181' title='bbox 573 2582 615 2663; x_wconf 70' lang='lat' dir='ltr'>pq</span> <span class='ocrx_word' id='word_1_182' title='bbox 642 2580 671 2659; x_wconf 90' lang='grc'>3,</span> <span class='ocrx_word' id='word_1_183' title='bbox 691 2581 720 2640; x_wconf 87' lang='grc'>7.</span> <span class='ocrx_word' id='word_1_184' title='bbox 748 2578 868 2658; x_wconf 88' lang='grc'>10,12.</span> <span class='ocrx_word' id='word_1_185' title='bbox 893 2579 946 2658; x_wconf 88' lang='grc'>29,</span> <span class='ocrx_word' id='word_1_186' title='bbox 964 2580 984 2639; x_wconf 88' lang='lat'>8</span> <span class='ocrx_word' id='word_1_187' title='bbox 1006 2574 1110 2640; x_wconf 86' lang='lat' dir='ltr'>autin</span> <span class='ocrx_word' id='word_1_188' title='bbox 1126 2574 1430 2659; x_wconf 83' lang='lat' dir='ltr'>comparationibus,</span> 
     </span>
     <span class='ocr_line' id='line_1_20' title="bbox 363 2680 1432 2768; baseline -0.004 -19"><span class='ocrx_word' id='word_1_189' title='bbox 363 2704 497 2768; x_wconf 89' lang='lat' dir='ltr'>quarum</span> <span class='ocrx_word' id='word_1_190' title='bbox 520 2682 656 2748; x_wconf 86' lang='lat' dir='ltr'>alterum</span> <span class='ocrx_word' id='word_1_191' title='bbox 678 2681 857 2748; x_wconf 89' lang='lat' dir='ltr'>membrum</span> <span class='ocrx_word' id='word_1_192' title='bbox 880 2702 919 2746; x_wconf 88' lang='lat' dir='ltr'>ex</span> <span class='ocrx_word' id='word_1_193' title='bbox 942 2681 1044 2747; x_wconf 91' lang='lat' dir='ltr'>altero</span> <span class='ocrx_word' id='word_1_194' title='bbox 1073 2702 1163 2748; x_wconf 90' lang='lat' dir='ltr'>suam</span> <span class='ocrx_word' id='word_1_195' title='bbox 1186 2680 1292 2747; x_wconf 87' lang='lat' dir='ltr'>lucem</span> <span class='ocrx_word' id='word_1_196' title='bbox 1315 2681 1432 2766; x_wconf 88' lang='lat' dir='ltr'>accipit</span> 
     </span>
     <span class='ocr_line' id='line_1_21' title="bbox 362 2788 1431 2872; baseline -0.002 -18"><span class='ocrx_word' id='word_1_197' title='bbox 362 2790 448 2856; x_wconf 89' lang='lat' dir='ltr'>velut</span> <span class='ocrx_word' id='word_1_198' title='bbox 465 2795 496 2872; x_wconf 87' lang='lat'>3,</span> <span class='ocrx_word' id='word_1_199' title='bbox 514 2794 544 2854; x_wconf 88' lang='lat'>3.</span> <span class='ocrx_word' id='word_1_200' title='bbox 562 2794 613 2872; x_wconf 93' lang='grc'>11,</span> <span class='ocrx_word' id='word_1_201' title='bbox 630 2792 661 2853; x_wconf 88' lang='grc'>4.</span> <span class='ocrx_word' id='word_1_202' title='bbox 681 2792 732 2872; x_wconf 91' lang='grc'>12,</span> <span class='ocrx_word' id='word_1_203' title='bbox 753 2793 805 2853; x_wconf 89' lang='lat'>11.</span> <span class='ocrx_word' id='word_1_204' title='bbox 825 2792 876 2872; x_wconf 86' lang='lat'>14,</span> <span class='ocrx_word' id='word_1_205' title='bbox 895 2788 983 2871; x_wconf 85' lang='grc' dir='ltr'>5υ1.,</span> <span class='ocrx_word' id='word_1_206' title='bbox 1007 2809 1202 2872; x_wconf 90' lang='lat' dir='ltr'>quamquam</span> <span class='ocrx_word' id='word_1_207' title='bbox 1217 2794 1254 2853; x_wconf 86' lang='lat' dir='ltr'>ut</span> <span class='ocrx_word' id='word_1_208' title='bbox 1269 2793 1319 2854; x_wconf 90' lang='lat' dir='ltr'>est</span> <span class='ocrx_word' id='word_1_209' title='bbox 1334 2788 1431 2854; x_wconf 90' lang='lat' dir='ltr'>varie-</span> 
     </span>
     <span class='ocr_line' id='line_1_22' title="bbox 362 2895 1432 2979; baseline -0.002 -17"><span class='ocrx_word' id='word_1_210' title='bbox 362 2898 439 2962; x_wconf 88' lang='lat' dir='ltr'>tatis</span> <span class='ocrx_word' id='word_1_211' title='bbox 462 2896 625 2962; x_wconf 86' lang='lat' dir='ltr'>studiosus</span> <span class='ocrx_word' id='word_1_212' title='bbox 648 2896 747 2962; x_wconf 88' lang='lat' dir='ltr'>habet</span> <span class='ocrx_word' id='word_1_213' title='bbox 770 2896 868 2962; x_wconf 90' lang='lat' dir='ltr'>etiam</span> <span class='ocrx_word' id='word_1_214' title='bbox 898 2896 1154 2979; x_wconf 87' lang='lat' dir='ltr'>comparationes</span> <span class='ocrx_word' id='word_1_215' title='bbox 1181 2895 1341 2978; x_wconf 87' lang='lat' dir='ltr'>aequabili</span> <span class='ocrx_word' id='word_1_216' title='bbox 1363 2900 1432 2960; x_wconf 85' lang='lat' dir='ltr'>arte</span> 
     </span>
     <span class='ocr_line' id='line_1_23' title="bbox 363 3001 1431 3087; baseline -0.002 -18"><span class='ocrx_word' id='word_1_217' title='bbox 363 3003 534 3087; x_wconf 88' lang='lat' dir='ltr'>dispositas</span> <span class='ocrx_word' id='word_1_218' title='bbox 565 3002 715 3086; x_wconf 89' lang='lat' dir='ltr'>velutque</span> <span class='ocrx_word' id='word_1_219' title='bbox 746 3002 788 3068; x_wconf 84' lang='lat' dir='ltr'>ud</span> <span class='ocrx_word' id='word_1_220' title='bbox 820 3003 969 3067; x_wconf 85' lang='lat' dir='ltr'>amussim</span> <span class='ocrx_word' id='word_1_221' title='bbox 994 3001 1187 3086; x_wconf 89' lang='lat' dir='ltr'>elaboratas,</span> <span class='ocrx_word' id='word_1_222' title='bbox 1218 3001 1259 3068; x_wconf 86' lang='lat' dir='ltr'>cf.</span> <span class='ocrx_word' id='word_1_223' title='bbox 1276 3007 1307 3086; x_wconf 83' lang='lat'>8,</span> <span class='ocrx_word' id='word_1_224' title='bbox 1325 3005 1344 3066; x_wconf 90' lang='grc'>5</span> <span class='ocrx_word' id='word_1_225' title='bbox 1361 3023 1431 3086; x_wconf 92' lang='lat' dir='ltr'>sqq.</span> 
     </span>
     <span class='ocr_line' id='line_1_24' title="bbox 364 3108 1434 3194; baseline -0.001 -19"><span class='ocrx_word' id='word_1_226' title='bbox 364 3116 394 3194; x_wconf 84' lang='lat'>3,</span> <span class='ocrx_word' id='word_1_227' title='bbox 415 3113 522 3193; x_wconf 91' lang='lat' dir='ltr'>4sqq.</span> <span class='ocrx_word' id='word_1_228' title='bbox 548 3113 601 3192; x_wconf 89' lang='grc'>25,</span> <span class='ocrx_word' id='word_1_229' title='bbox 619 3113 649 3174; x_wconf 88' lang='grc'>5.</span> <span class='ocrx_word' id='word_1_230' title='bbox 674 3112 729 3193; x_wconf 89' lang='grc'>41,</span> <span class='ocrx_word' id='word_1_231' title='bbox 752 3114 771 3173; x_wconf 88' lang='lat'>8</span> <span class='ocrx_word' id='word_1_232' title='bbox 793 3130 863 3193; x_wconf 90' lang='lat' dir='ltr'>sqq.</span> <span class='ocrx_word' id='word_1_233' title='bbox 887 3108 976 3174; x_wconf 85' lang='lat' dir='ltr'>alias.</span> <span class='ocrx_word' id='word_1_234' title='bbox 1002 3109 1217 3175; x_wconf 85' lang='lat' dir='ltr'>concinnitate</span> <span class='ocrx_word' id='word_1_235' title='bbox 1240 3109 1361 3194; x_wconf 87' lang='lat' dir='ltr'>insigne</span> <span class='ocrx_word' id='word_1_236' title='bbox 1384 3114 1434 3176; x_wconf 91' lang='lat' dir='ltr'>est</span> 
     </span>
     <span class='ocr_line' id='line_1_25' title="bbox 366 3211 1433 3302; baseline 0 -21"><span class='ocrx_word' id='word_1_237' title='bbox 366 3216 544 3301; x_wconf 88' lang='lat' dir='ltr'>exemplum</span> <span class='ocrx_word' id='word_1_238' title='bbox 568 3217 631 3281; x_wconf 88' lang='lat' dir='ltr'>hoe</span> <span class='ocrx_word' id='word_1_239' title='bbox 659 3219 710 3297; x_wconf 97' lang='grc'>11,</span> <span class='ocrx_word' id='word_1_240' title='bbox 729 3219 747 3278; x_wconf 95' lang='grc'>5</span> <span class='ocrx_word' id='word_1_241' title='bbox 772 3213 870 3299; x_wconf 78' lang='grc' dir='ltr'>ὥσπερ</span> <span class='ocrx_word' id='word_1_242' title='bbox 887 3212 945 3293; x_wconf 83' lang='grc' dir='ltr'>&lt;ὁ&gt;</span> <span class='ocrx_word' id='word_1_243' title='bbox 960 3212 1078 3297; x_wconf 77' lang='grc' dir='ltr'>ἀγαθὸς</span> <span class='ocrx_word' id='word_1_244' title='bbox 1093 3211 1252 3302; x_wconf 75' lang='grc' dir='ltr'>ὑποκριτὴς</span> <span class='ocrx_word' id='word_1_245' title='bbox 1266 3213 1298 3280; x_wconf 78' lang='grc' dir='ltr'>εὖ</span> <span class='ocrx_word' id='word_1_246' title='bbox 1312 3219 1364 3280; x_wconf 81' lang='grc' dir='ltr'>καί</span> <span class='ocrx_word' id='word_1_247' title='bbox 1385 3219 1433 3282; x_wconf 86' lang='grc' dir='ltr'>τὸν</span> 
     </span>
     <span class='ocr_line' id='line_1_26' title="bbox 365 3319 1433 3411; baseline 0.001 -24"><span class='ocrx_word' id='word_1_248' title='bbox 365 3324 510 3409; x_wconf 82' lang='grc' dir='ltr'>πρόλογον</span> <span class='ocrx_word' id='word_1_249' title='bbox 534 3319 566 3386; x_wconf 77' lang='grc' dir='ltr'>εἴ)</span> <span class='ocrx_word' id='word_1_250' title='bbox 589 3326 642 3386; x_wconf 87' lang='grc' dir='ltr'>ιιοιί</span> <span class='ocrx_word' id='word_1_251' title='bbox 664 3326 700 3386; x_wconf 89' lang='grc' dir='ltr'>τὰ</span> <span class='ocrx_word' id='word_1_252' title='bbox 716 3327 792 3409; x_wconf 75' lang='grc' dir='ltr'>μέσοι</span> <span class='ocrx_word' id='word_1_253' title='bbox 816 3319 847 3386; x_wconf 76' lang='grc' dir='ltr'>εἴ)</span> <span class='ocrx_word' id='word_1_254' title='bbox 863 3324 914 3385; x_wconf 75' lang='lat' dir='ltr'>aul</span> <span class='ocrx_word' id='word_1_255' title='bbox 937 3325 988 3410; x_wconf 79' lang='grc' dir='ltr'>την</span> <span class='ocrx_word' id='word_1_256' title='bbox 1004 3328 1221 3411; x_wconf 76' lang='grc' dir='ltr'>καταστροφήν,</span> <span class='ocrx_word' id='word_1_257' title='bbox 1244 3319 1320 3388; x_wconf 74' lang='grc' dir='ltr'>οὕτω</span> <span class='ocrx_word' id='word_1_258' title='bbox 1342 3327 1394 3387; x_wconf 85' lang='grc' dir='ltr'>ιιαί</span> <span class='ocrx_word' id='word_1_259' title='bbox 1417 3320 1433 3388; x_wconf 84' lang='grc' dir='ltr'>ὁ</span> 
     </span>
     <span class='ocr_line' id='line_1_27' title="bbox 364 3424 1433 3517; baseline -0.001 -21"><span class='ocrx_word' id='word_1_260' title='bbox 364 3430 481 3512; x_wconf 72' lang='grc' dir='ltr'>ἀγαθὸς</span> <span class='ocrx_word' id='word_1_261' title='bbox 512 3424 586 3516; x_wconf 77' lang='grc' dir='ltr'>ἀνὴρ</span> <span class='ocrx_word' id='word_1_262' title='bbox 610 3427 641 3494; x_wconf 79' lang='grc' dir='ltr'>εὖ</span> <span class='ocrx_word' id='word_1_263' title='bbox 664 3433 715 3493; x_wconf 85' lang='grc' dir='ltr'>καί</span> <span class='ocrx_word' id='word_1_264' title='bbox 742 3432 777 3494; x_wconf 86' lang='grc' dir='ltr'>τὰ</span> <span class='ocrx_word' id='word_1_265' title='bbox 807 3440 910 3515; x_wconf 79' lang='grc' dir='ltr'>πρῶτοι</span> <span class='ocrx_word' id='word_1_266' title='bbox 937 3437 988 3494; x_wconf 85' lang='grc' dir='ltr'>τοῦ</span> <span class='ocrx_word' id='word_1_267' title='bbox 1012 3431 1074 3513; x_wconf 86' lang='grc' dir='ltr'>βίου</span> <span class='ocrx_word' id='word_1_268' title='bbox 1102 3426 1133 3493; x_wconf 77' lang='grc' dir='ltr'>εὖ</span> <span class='ocrx_word' id='word_1_269' title='bbox 1162 3433 1213 3494; x_wconf 80' lang='grc' dir='ltr'>καί</span> <span class='ocrx_word' id='word_1_270' title='bbox 1236 3432 1272 3494; x_wconf 89' lang='grc' dir='ltr'>τὰ</span> <span class='ocrx_word' id='word_1_271' title='bbox 1301 3435 1378 3517; x_wconf 78' lang='grc' dir='ltr'>μέσα</span> <span class='ocrx_word' id='word_1_272' title='bbox 1401 3428 1433 3495; x_wconf 77' lang='grc' dir='ltr'>εἴ)</span> 
     </span>
     <span class='ocr_line' id='line_1_28' title="bbox 363 3533 1431 3625; baseline 0 -23"><span class='ocrx_word' id='word_1_273' title='bbox 363 3541 414 3602; x_wconf 80' lang='grc' dir='ltr'>καί</span> <span class='ocrx_word' id='word_1_274' title='bbox 436 3535 488 3625; x_wconf 82' lang='grc' dir='ltr'>τὴν</span> <span class='ocrx_word' id='word_1_275' title='bbox 503 3533 651 3624; x_wconf 79' lang='grc' dir='ltr'>τελευτην,</span> <span class='ocrx_word' id='word_1_276' title='bbox 675 3535 732 3602; x_wconf 85' lang='lat' dir='ltr'>sed</span> <span class='ocrx_word' id='word_1_277' title='bbox 747 3540 784 3601; x_wconf 90' lang='lat' dir='ltr'>ut</span> <span class='ocrx_word' id='word_1_278' title='bbox 798 3537 966 3620; x_wconf 87' lang='lat' dir='ltr'>utriusque</span> <span class='ocrx_word' id='word_1_279' title='bbox 981 3535 1116 3603; x_wconf 88' lang='lat' dir='ltr'>membri</span> <span class='ocrx_word' id='word_1_280' title='bbox 1131 3536 1261 3603; x_wconf 87' lang='lat' dir='ltr'>verbum</span> <span class='ocrx_word' id='word_1_281' title='bbox 1278 3537 1431 3620; x_wconf 87' lang='lat' dir='ltr'>exipsius</span> 
     </span>
     <span class='ocr_line' id='line_1_29' title="bbox 363 3641 1432 3727; baseline -0.002 -16"><span class='ocrx_word' id='word_1_282' title='bbox 363 3645 411 3711; x_wconf 92' lang='lat' dir='ltr'>rei</span> <span class='ocrx_word' id='word_1_283' title='bbox 437 3648 553 3711; x_wconf 86' lang='lat' dir='ltr'>natura</span> <span class='ocrx_word' id='word_1_284' title='bbox 580 3643 793 3727; x_wconf 87' lang='lat' dir='ltr'>supplendum</span> <span class='ocrx_word' id='word_1_285' title='bbox 816 3645 868 3727; x_wconf 90' lang='lat' dir='ltr'>sit,</span> <span class='ocrx_word' id='word_1_286' title='bbox 900 3664 945 3709; x_wconf 90' lang='lat' dir='ltr'>sc.</span> <span class='ocrx_word' id='word_1_287' title='bbox 969 3641 1145 3725; x_wconf 82' lang='grc' dir='ltr'>ἀγωνίζεται.</span> <span class='ocrx_word' id='word_1_288' title='bbox 1184 3642 1270 3709; x_wconf 90' lang='lat' dir='ltr'>idem</span> <span class='ocrx_word' id='word_1_289' title='bbox 1301 3643 1432 3711; x_wconf 90' lang='lat' dir='ltr'>verbum</span> 
     </span>
     <span class='ocr_line' id='line_1_30' title="bbox 363 3747 1434 3835; baseline -0.001 -18"><span class='ocrx_word' id='word_1_290' title='bbox 363 3751 449 3817; x_wconf 93' lang='lat' dir='ltr'>nullo</span> <span class='ocrx_word' id='word_1_291' title='bbox 477 3751 609 3835; x_wconf 86' lang='lat' dir='ltr'>negotio</span> <span class='ocrx_word' id='word_1_292' title='bbox 643 3771 682 3816; x_wconf 88' lang='lat' dir='ltr'>ex</span> <span class='ocrx_word' id='word_1_293' title='bbox 713 3750 875 3834; x_wconf 88' lang='lat' dir='ltr'>prioribus</span> <span class='ocrx_word' id='word_1_294' title='bbox 905 3755 1012 3816; x_wconf 89' lang='lat' dir='ltr'>mente</span> <span class='ocrx_word' id='word_1_295' title='bbox 1043 3749 1173 3816; x_wconf 88' lang='lat' dir='ltr'>additur</span> <span class='ocrx_word' id='word_1_296' title='bbox 1199 3750 1254 3833; x_wconf 86' lang='grc'>40,</span> <span class='ocrx_word' id='word_1_297' title='bbox 1277 3753 1296 3814; x_wconf 88' lang='grc'>5</span> <span class='ocrx_word' id='word_1_298' title='bbox 1324 3747 1356 3815; x_wconf 75' lang='grc' dir='ltr'>εὖ</span> <span class='ocrx_word' id='word_1_299' title='bbox 1385 3753 1434 3816; x_wconf 86' lang='grc' dir='ltr'>τὸν</span> 
     </span>
     <span class='ocr_line' id='line_1_31' title="bbox 363 3855 1434 3945; baseline 0 -21"><span class='ocrx_word' id='word_1_300' title='bbox 363 3863 503 3940; x_wconf 89' lang='grc' dir='ltr'>νοιοοιγόν·</span> <span class='ocrx_word' id='word_1_301' title='bbox 519 3862 609 3945; x_wconf 78' lang='grc' dir='ltr'>πίνης</span> <span class='ocrx_word' id='word_1_302' title='bbox 633 3856 664 3932; x_wconf 78' lang='grc' dir='ltr'>ἐξ</span> <span class='ocrx_word' id='word_1_303' title='bbox 686 3855 821 3943; x_wconf 75' lang='grc' dir='ltr'>εὐπόρου,</span> <span class='ocrx_word' id='word_1_304' title='bbox 845 3855 877 3922; x_wconf 77' lang='grc' dir='ltr'>εἴ)</span> <span class='ocrx_word' id='word_1_305' title='bbox 900 3861 948 3925; x_wconf 80' lang='grc' dir='ltr'>τὸν</span> <span class='ocrx_word' id='word_1_306' title='bbox 971 3862 1090 3945; x_wconf 79' lang='grc' dir='ltr'>πένητα,</span> <span class='ocrx_word' id='word_1_307' title='bbox 1112 3858 1133 3923; x_wconf 92' lang='grc'>1.</span> <span class='ocrx_word' id='word_1_308' title='bbox 1151 3879 1178 3924; x_wconf 92' lang='lat' dir='ltr'>e.</span> <span class='ocrx_word' id='word_1_309' title='bbox 1195 3856 1344 3940; x_wconf 81' lang='grc' dir='ltr'>ἀγωνίζου.</span> <span class='ocrx_word' id='word_1_310' title='bbox 1374 3879 1434 3924; x_wconf 87' lang='lat' dir='ltr'>nee</span> 
     </span>
     <span class='ocr_line' id='line_1_32' title="bbox 363 3963 1433 4053; baseline -0.001 -23"><span class='ocrx_word' id='word_1_311' title='bbox 363 3964 534 4030; x_wconf 84' lang='lat' dir='ltr'>difficulter</span> <span class='ocrx_word' id='word_1_312' title='bbox 546 3965 734 4031; x_wconf 92' lang='lat' dir='ltr'>subauditur</span> <span class='ocrx_word' id='word_1_313' title='bbox 746 3963 880 4053; x_wconf 79' lang='grc' dir='ltr'>ἐποίησεν</span> <span class='ocrx_word' id='word_1_314' title='bbox 896 3965 944 4031; x_wconf 87' lang='lat' dir='ltr'>vel</span> <span class='ocrx_word' id='word_1_315' title='bbox 956 3965 1056 4031; x_wconf 89' lang='lat' dir='ltr'>simile</span> <span class='ocrx_word' id='word_1_316' title='bbox 1067 3965 1100 4030; x_wconf 90' lang='lat' dir='ltr'>in</span> <span class='ocrx_word' id='word_1_317' title='bbox 1112 3965 1161 4030; x_wconf 94' lang='lat' dir='ltr'>his</span> <span class='ocrx_word' id='word_1_318' title='bbox 1178 3968 1227 4047; x_wconf 90' lang='grc'>11,</span> <span class='ocrx_word' id='word_1_319' title='bbox 1240 3969 1279 4030; x_wconf 90' lang='grc'>10</span> <span class='ocrx_word' id='word_1_320' title='bbox 1292 3967 1433 4050; x_wconf 77' lang='grc' dir='ltr'>καθάπερ</span> 
     </span>
     <span class='ocr_line' id='line_1_33' title="bbox 362 4070 1433 4159; baseline 0.001 -24"><span class='ocrx_word' id='word_1_321' title='bbox 362 4075 414 4135; x_wconf 78' lang='lat' dir='ltr'>aul</span> <span class='ocrx_word' id='word_1_322' title='bbox 436 4071 607 4159; x_wconf 78' lang='grc' dir='ltr'>Σωκράτης.</span> <span class='ocrx_word' id='word_1_323' title='bbox 642 4070 861 4155; x_wconf 86' lang='lat' dir='ltr'>neglegentius</span> <span class='ocrx_word' id='word_1_324' title='bbox 885 4070 1028 4155; x_wconf 90' lang='lat' dir='ltr'>loquitur</span> <span class='ocrx_word' id='word_1_325' title='bbox 1055 4075 1119 4152; x_wconf 83' lang='grc'>7,]</span> <span class='ocrx_word' id='word_1_326' title='bbox 1150 4073 1192 4158; x_wconf 83' lang='grc' dir='ltr'>μή</span> <span class='ocrx_word' id='word_1_327' title='bbox 1223 4074 1301 4158; x_wconf 80' lang='grc' dir='ltr'>ζήτει</span> <span class='ocrx_word' id='word_1_328' title='bbox 1323 4073 1360 4134; x_wconf 84' lang='grc' dir='ltr'>τοί</span> <span class='ocrx_word' id='word_1_329' title='bbox 1382 4080 1433 4136; x_wconf 80' lang='grc' dir='ltr'>του</span> 
     </span>
     <span class='ocr_line' id='line_1_34' title="bbox 361 4173 1433 4267; baseline -0.001 -26"><span class='ocrx_word' id='word_1_330' title='bbox 361 4175 484 4266; x_wconf 77' lang='grc' dir='ltr'>ἰσχυροῦ</span> <span class='ocrx_word' id='word_1_331' title='bbox 509 4177 624 4267; x_wconf 81' lang='grc' dir='ltr'>[φορτία</span> <span class='ocrx_word' id='word_1_332' title='bbox 651 4181 804 4263; x_wconf 74' lang='grc' dir='ltr'>βαστάζειν</span> <span class='ocrx_word' id='word_1_333' title='bbox 827 4182 878 4244; x_wconf 80' lang='grc' dir='ltr'>καί</span> <span class='ocrx_word' id='word_1_334' title='bbox 902 4177 1215 4266; x_wconf 79' lang='grc' dir='ltr'>διατραχηλίζεσθοιι],</span> <span class='ocrx_word' id='word_1_335' title='bbox 1244 4173 1312 4240; x_wconf 78' lang='grc' dir='ltr'>ἀλλ’</span> <span class='ocrx_word' id='word_1_336' title='bbox 1335 4175 1433 4263; x_wconf 74' lang='grc' dir='ltr'>ὥσπερ</span> 
     </span>
     <span class='ocr_line' id='line_1_35' title="bbox 363 4281 1434 4372; baseline -0.001 -23"><span class='ocrx_word' id='word_1_337' title='bbox 363 4282 516 4372; x_wconf 75' lang='grc' dir='ltr'>Διογένης,</span> <span class='ocrx_word' id='word_1_338' title='bbox 545 4282 607 4348; x_wconf 82' lang='grc' dir='ltr'>ἐπεί</span> <span class='ocrx_word' id='word_1_339' title='bbox 628 4307 671 4357; x_wconf 87' lang='grc' dir='ltr'>τις</span> <span class='ocrx_word' id='word_1_340' title='bbox 698 4282 773 4348; x_wconf 73' lang='grc' dir='ltr'>ὤθει</span> <span class='ocrx_word' id='word_1_341' title='bbox 795 4287 846 4348; x_wconf 79' lang='grc' dir='ltr'>καί</span> <span class='ocrx_word' id='word_1_342' title='bbox 868 4282 1057 4372; x_wconf 79' lang='grc' dir='ltr'>ἐτραχήλιζεν</span> <span class='ocrx_word' id='word_1_343' title='bbox 1086 4283 1224 4357; x_wconf 78' lang='grc' dir='ltr'>ἀσθενῶς</span> <span class='ocrx_word' id='word_1_344' title='bbox 1245 4282 1366 4371; x_wconf 72' lang='grc' dir='ltr'>ἔχοντα,</span> <span class='ocrx_word' id='word_1_345' title='bbox 1399 4281 1434 4348; x_wconf 82' lang='lat' dir='ltr'>ob</span> 
     </span>
    </p>
   </div>
   <div class='ocr_carea' id='block_1_3' title="bbox 0 0 1709 5230">
    <p class='ocr_par' dir='ltr' id='par_1_3' title="bbox 0 0 1709 5230">
     <span class='ocr_line' id='line_1_36' title="bbox 0 0 1709 5230; baseline 0 0"><span class='ocrx_word' id='word_1_346' title='bbox 0 0 1709 5230; x_wconf 95' lang='lat' dir='ltr'> </span> 
     </span>
    </p>
   </div>
  </div>
 </body>
</html>
