3388 5236
712 583 909 647 -3„.

277 778 345 860 ipse
373 779 406 842 in
428 778 567 844 medium
595 778 720 844 adferre
746 777 892 862 poteram
918 785 1033 865 utpote
1056 781 1243 847 adulescens
1265 802 1344 864 pan·

281 905 391 949 corrnn
416 889 583 949 auctorum
605 884 743 951 lectione
767 887 952 967 instructus,
976 908 1015 952 eo
1038 885 1118 951 mihi
1138 888 1258 972 gratius
1275 895 1345 954 erat

279 996 312 1055 et
335 992 498 1074 acceptius
521 991 607 1075 quod
630 992 663 1056 in
685 992 746 1057 hac
769 992 971 1076 potissimum
995 994 1158 1078 provincia
1180 994 1345 1060 consilium

278 1098 498 1182 praeceptoris
521 1099 583 1165 mei
605 1100 682 1164 mihi
705 1120 769 1166 non
794 1100 905 1165 deesse
929 1100 1066 1166 volebat.

344 1206 415 1271 Iam
442 1211 479 1270 ut
505 1228 571 1271 rem
599 1207 702 1290 ipsam
729 1207 913 1290 aggrediar,
948 1209 1084 1292 primum
1111 1207 1250 1274 breviter
1279 1231 1345 1276 non

278 1313 363 1378 nulla
387 1334 544 1396 compono
569 1335 651 1397 quae
672 1315 780 1397 priore
804 1317 881 1380 artis
907 1317 1133 1398 grammaticae
1150 1322 1242 1400 parte
1258 1300 1364 1382 com-¹

277 1420 375 1504 plecti
398 1421 511 1485 solent.

729 1777 843 1865 Caput
868 1776 898 1846 I.

529 1953 583 2036 De
610 1953 756 2036 formis
783 1953 1088 2038 vocabulorum.

344 2166 401 2233 Ad
428 2169 753 2252 comparationem
781 2191 863 2253 quae
886 2170 1049 2253 pertinent
1071 2171 1151 2236 haec
1175 2171 1208 2234 in
1230 2169 1343 2236 'l'elete

276 2275 380 2339 inveni
403 2297 485 2358 quae
509 2277 810 2342 commemoratione
834 2277 932 2360 digna
955 2282 1037 2342 sunt.

345 2379 530 2467 ῥᾳδιὲστερος
552 2383 658 2448 forma
680 2383 797 2467 legitur
825 2407 855 2467 p,
883 2387 971 2467 10,5
995 2383 1098 2449 Hens.
1127 2382 1237 2450 eadem
1266 2404 1343 2448 usus

279 2495 348 2554 erat
370 2487 553 2573 Hyperides
581 2495 663 2556 teste
687 2489 859 2557 Athenaeo
882 2491 919 2554 X
942 2513 974 2574 p.
998 2495 1065 2555 424
1088 2491 1110 2556 d
1132 2512 1191 2556 nec
1220 2512 1344 2574 spreve-

277 2602 329 2661 rat
353 2618 423 2661 eam
446 2595 640 2663 Aristoteles
664 2598 767 2680 probl.
790 2599 826 2662 II
848 2603 901 2668 42,
929 2603 1011 2664 870¹>
1036 2602 1087 2662 37.
1134 2598 1183 2662 bis
1208 2599 1343 2663 eundem

278 2704 527 2786 comparativum
557 2704 685 2770 exhibet
713 2704 866 2789 Polybius
889 2705 947 2769 XI
977 2709 1040 2787 1,1
1071 2704 1181 2786 (verba
1207 2705 1343 2770 servavit

278 2808 393 2874 Snidas
422 2832 445 2874 s.
467 2832 495 2874 r.
517 2809 714 2898 ῥᾳδιὲστερον)
739 2817 771 2878 et
793 2812 882 2880 XVI
906 2817 958 2895 20,
975 2816 1007 2876 4.
1053 2812 1221 2877 retinenda
1244 2813 1343 2894 igitur

277 2917 402 2982 videtur
424 2915 541 2999 forma,
570 2917 645 2982 licet
668 2919 908 2984 eoncedendum
934 2920 976 2983 sit
1000 2919 1039 2983 de
1062 2921 1161 2984 totius
1183 2919 1246 2983 loci
1269 2939 1341 2983 oon-

276 3023 469 3088 formatione
497 3025 663 3107 scrupulos
692 3027 812 3091 moveri
838 3047 942 3108 posse.
990 3025 1028 3090 of.
1047 3047 1128 3109 quae
1151 3031 1342 3091 monuerant

277 3131 317 3194 de
334 3128 449 3194 Arnim
466 3131 637 3214 Gr'r'ttr‘aper·
650 3137 715 3214 pel.
741 3155 813 3198 aaz.
842 3135 925 3198 1890
942 3155 973 3215 p.
994 3137 1056 3196 125
1079 3133 1108 3197 I.
1123 3131 1238 3198 Sitzler
1258 3155 1342 3199 necte

272 3241 388 3320 philol.
405 3241 558 3303 ranrloelr.
580 3242 664 3302 1890
687 3261 719 3321 p.
739 3244 813 3304 277.

342 3342 463 3410 formae
490 3346 607 3416 πλείους
634 3346 724 3409 πλείω
752 3347 891 3411 πλειόνων
920 3344 1109 3411 exhibentur
1134 3348 1166 3411 in
1190 3346 1341 3429 TeleteiS,

275 3451 346 3516 vide
373 3451 486 3516 indicis
509 3474 537 3519 v.
558 3454 651 3524 πολὺς
672 3474 704 3535 p.
727 3459 781 3519 80.
826 3459 975 3519 neutrum
1003 3475 1102 3537 genus
1130 3455 1253 3520 numeri
1279 3455 1340 3518 sin-

276 3567 394 3649 gularis
417 3589 481 3633 non
506 3573 682 3652 comparet.

342 3679 532 3760 πτωχότατος
547 3675 651 3740 forma
663 3680 768 3742 exstat
785 3679 837 3757 36,
853 3679 892 3741 10
909 3676 991 3741 siout
1007 3672 1034 3739 oi
1049 3680 1232 3761 πτωχότατοι
1247 3678 1298 3759 34,
1310 3679 1338 3741 5.

275 3781 393 3846 eisdem
416 3781 526 3846 fomiis
548 3782 651 3847 utitur
677 3781 837 3848 Timocles
866 3784 1005 3848 comicus
1033 3782 1119 3866 apud
1148 3781 1267 3848 Athen.
1289 3782 1341 3851 VI

275 3911 306 3971 p.
325 3893 388 3953 223
414 3910 431 3953 c
455 3889 506 3973 (of.
524 3889 676 3955 Palladas
693 3888 796 3957 Anth.
813 3889 883 3957 Pal.
900 3890 937 3953 X
960 3892 1024 3976 50),
1048 3911 1121 3955 cum
1143 3895 1341 3976 πτωχίστερος

274 3993 409 4060 formam
439 3996 586 4062 exhibeat
616 3995 786 4079 Aristoph.
814 3995 900 4061 Ach.
927 4000 992 4060 425
1027 3995 1126 4062 Mein.
1154 3993 1246 4062 ‘wohl
1280 4018 1340 4060 nur

274 4100 427 4167 komisoh’
458 4108 494 4167 ut
526 4103 646 4168 iudicat
676 4103 826 4188 Krueger
850 4125 903 4185 qr.
923 4104 1089 4186 ερνασΙιΙ.ες
1114 4106 1171 4185 23,
1196 4107 1226 4185 2,
1244 4107 1273 4165 8.
1299 4102 1338 4166 of.

274 4211 371 4274 etiam
394 4209 660 4275 Kuehner-Blass
690 4215 780 4291 auos.
802 4232 855 4292 pr.
879 4214 911 4275 (l.
933 4232 985 4293 pr.
1008 4210 1098 4293 apr·.³
1124 4209 1144 4273 I
1166 4215 1181 4276 1
1207 4232 1239 4292 p.
1265 4212 1339 4276 564.

341 4317 388 4384 Vt
416 4339 454 4380 ox
484 4319 751 4399 pronominum
779 4339 839 4381 usu
869 4339 932 4381 non
962 4317 1049 4381 nulla
1077 4316 1219 4380 adferam
1249 4323 1338 4381 nota·

1126 4440 1161 4494 1*
