3388 5236
799 571 1019 634 ,14-

442 767 603 827 structura
627 761 800 828 ἀντιτιθέναι
823 769 874 830 τινί
896 788 921 828 τι
945 787 1027 849 quae
1050 765 1181 833 Platoni
1204 767 1367 833 familiaris
1391 775 1441 834 est

374 869 490 952 legitur
505 873 558 948 46,
576 872 614 931 15
638 881 678 954 τῷ
703 869 834 934 δοκοῦντι
857 883 942 956 κακῷ
963 875 994 936 τδ
1012 873 1116 937 δοκοῦν
1133 871 1249 954 ἀγαθὸν
1266 873 1439 940 ἀντιτιθέναι

373 979 424 1040 καί
446 973 565 1049 ἐξιοοῦν.

441 1105 480 1148 ex
514 1084 764 1166 compositorum
800 1107 932 1152 numero
968 1108 1050 1169 quae
1088 1088 1227 1153 datiuum
1266 1089 1439 1155 adsumunt

366 1212 589 1288 ‘commemoro
614 1197 807 1258 structuram
828 1193 911 1258 hanc
931 1197 984 1276 47,
1002 1197 1040 1257 15
1065 1192 1277 1279 ἐπιβάλλουσαν
1301 1194 1439 1283 ἡγεῖσθαι

373 1304 424 1386 etp
448 1302 596 1383 στρατείαν
620 1302 670 1362 καί
693 1302 743 1386 τ’ρν
767 1297 934 1387 ἀποδημίαν
962 1313 1001 1385 τῷ
1030 1303 1105 1390 ρίλῳ
1135 1307 1248 1384 utpote
1277 1303 1438 1385 prioribus

373 1408 476 1471 minus
492 1406 653 1474 usitatam.
689 1406 766 1470 nihil
781 1407 899 1473 insoliti
914 1407 1035 1474 habent
1056 1414 1239 1493 προσγίνεταί
1254 1433 1304 1474 τινι
1329 1413 1381 1493 34,
1398 1415 1436 1475 12

373 1518 477 1601 συνέβη
491 1518 543 1595 21,
557 1516 578 1577 4
591 1516 760 1598 περιγίνεται
774 1518 825 1595 21,
840 1518 859 1577 5
872 1519 1046 1599 περιπίπτειν
1059 1520 1112 1600 43,
1126 1522 1156 1585 8.
1173 1521 1227 1601 46,
1244 1522 1283 1581 11
1297 1518 1437 1604 (Krueg.

372 1622 688 1706 48‚11cumadn.)‚
713 1645 735 1686 u
766 1624 910 1689 omittam
925 1625 1003 1690 talia
1026 1621 1090 1689 οὔτε
1113 1622 1228 1698 ἑαυτοῖς
1250 1632 1437 1714 προϊεμένους

373 1725 437 1792 οὔτε
460 1727 563 1801 ἀλλοις
585 1729 793 1816 μεταδιδόντας
816 1734 940 1813 27,15.

439 1835 567 1901 nomina
587 1836 743 1901 adiectiva
763 1836 878 1920 quibus
900 1836 1024 1902 dativus
1047 1837 1202 1904 adhaeret
1218 1839 1344 1923 repperi
1358 1840 1438 1905 haec

371 1947 548 2032 πρόσρορος,
572 1949 720 2031 χρήσιμος
742 1947 794 2007 καί
815 1948 939 2031 βοηθός,
964 1951 1108 2030 συνεργός.
1150 1947 1247 2012 verba
1270 1948 1436 2030 scriptoris

373 2049 446 2115 dedi
468 2051 500 2114 in
522 2050 626 2115 indice
649 2071 718 2116 voc.
764 2051 866 2116 minus
889 2052 1001 2116 tritum
1025 2057 1075 2117 est
1101 2052 1163 2117 hoc
1193 2051 1271 2138 ἔχων
1302 2059 1436 2138 συνεργὸν

372 2160 419 2221 τδν
441 2158 565 2220 πλοῦτον
592 2168 628 2242 τῇ
656 2154 745 2220 αὑτοῦ
768 2162 859 2241 κακίογ
884 2162 1007 2239 34,13.
1054 2156 1162 2230 οἰκεῖος
1192 2161 1290 2226 semel
1319 2161 1437 2244 legitur

372 2285 410 2329 ea
422 2264 551 2330 notione
564 2284 625 2346 qua
637 2264 816 2352 genetivum
828 2264 996 2331 adsumere
1009 2266 1092 2331 solet
1105 2270 1156 2348 37,
1171 2270 1199 2330 1.
1214 2272 1243 2348 2,
1258 2267 1297 2335 cf.
1310 2268 1435 2351 Krueg.

372 2374 426 2454 ιο,
445 2375 495 2452 13,
514 2375 542 2439 5.

438 2478 560 2544 dativos
576 2478 808 2542 instrumentali
823 2479 853 2542 vi
869 2479 917 2543 vel
936 2479 1055 2544 causali
1072 2480 1232 2546 adhibitos
1255 2481 1306 2544 vix
1322 2483 1436 2546 attinet

371 2586 513 2669 singulos
538 2605 740 2651 enumerare:
771 2596 806 2671 τῇ
831 2589 906 2671 χειρὶ
929 2584 1035 2659 ἐξελών
1060 2592 1111 2669 28,
1131 2593 1147 2650 7
1180 2599 1219 2672 τῷ
1242 2589 1331 2672 γλοιῷ
1355 2586 1436 2675 ἠλεί-

371 2699 446 2780 ψατο
471 2696 581 2775 30,15
612 2702 652 2775 τῷ
681 2692 757 2777 λιμῷ
788 2691 949 2757 ἀποθανεῖν
981 2697 1069 2776 30,1
1101 2706 1141 2778 τῷ
1173 2695 1349 2781 πλεονασμῷ
1381 2707 1435 2760 τῶν

370 2798 482 2888 ἡδονῶν
506 2797 683 2886 ἐκμετρῆσαι
709 2802 821 2880 39,14
848 2801 923 2863 πολὺ
947 2797 1166 2886 εὐσχολώτερος
1189 2799 1259 2865 εἶναι
1282 2814 1321 2886 τῷ
1345 2803 1436 2890 μηδὲν

370 2905 510 2993 ὑπάρχειν
536 2912 587 2989 36,
615 2911 630 2969 1
656 2904 850 2995 ἀμελέστερος
877 2919 916 2991 τῷ
945 2912 1042 2991 τρόπῳ
1068 2912 1119 2990 30,
1138 2913 1168 2976 9.
1200 2910 1327 2992 saepius
1358 2909 1437 2974 dixit

370 3015 527 3101 ἀρκεῖσθαί
548 3038 607 3092 τινι,
633 3015 702 3080 vide
717 3015 782 3083 ind.
799 3037 868 3081 voc.
904 3016 1127 3098 comparativis
1145 3014 1288 3098 adiungit
1309 3021 1342 3081 et
1361 3018 1436 3080 πολδ

371 3123 509 3209 (35,16.
543 3128 595 3206 37,
612 3125 647 3209 2)
678 3128 710 3187 et
738 3123 841 3207 πολλῷ
872 3126 923 3205 34,
942 3128 971 3189 8.
1017 3122 1155 3187 formula
1184 3122 1297 3187 Attica
1328 3127 1379 3186 καί
1411 3146 1436 3186 τι

369 3231 483 3317 μᾶλλον
500 3230 617 3314 legitur
632 3233 685 3312 45,
706 3233 756 3312 12,
779 3229 819 3297 of.
837 3229 961 3313 Krueg.
979 3232 1032 3312 48,
1052 3234 1103 3312 15,
1128 3234 1178 3293 11.
1214 3236 1365 3296 constans
1387 3235 1436 3296 est

369 3337 454 3421 apud
467 3337 610 3403 Teletem
634 3335 771 3402 formula
790 3341 815 3400 τί
839 3337 968 3425 διαφέρει
983 3337 1032 3402 vel
1049 3337 1145 3402 etiam
1162 3358 1233 3401 cum
1249 3338 1435 3421 pronomine

369 3443 533 3510 indefinito
552 3445 696 3531 διαφέρειν
712 3466 745 3521 τι,
762 3465 827 3510 non
846 3449 896 3507 τίνι
913 3448 1041 3526 autaut,
1059 3442 1098 3512 cf.
1111 3443 1237 3526 Krueg.
1248 3448 1301 3526 48,
1322 3447 1434 3526 15,14.

369 3553 436 3618 sine
453 3573 529 3617 casu
545 3551 660 3636 legitur
680 3546 714 3614 od
736 3562 874 3637 προσεῖχε
897 3552 930 3615 in
946 3552 993 3616 his
1013 3555 1113 3634 11,11
1139 3555 1190 3614 καὶ
1212 3561 1268 3616 τῶν
1292 3551 1435 3616 δικαστῶν

368 3659 545 3723 κελευόντων
562 3656 699 3742 ἀργυρίου
716 3661 899 3745 τιμήσασθαι
922 3655 956 3721 οὐ
972 3669 1135 3743 προσεῖχεν,
1160 3662 1196 3722 ut
1219 3663 1327 3723 tamen
1343 3657 1434 3722 facile

368 3766 421 3830 ille
445 3765 664 3832 subaudiatur.

353 3865 356 3872 ’
435 3874 571 3958 denique
595 3874 735 3939 adverbii
757 3874 859 3939 instar
881 3874 998 3958 legitur
1021 3886 1060 3959 τῷ
1084 3873 1142 3939 ἀντι
1167 3878 1219 3957 33,
1239 3880 1267 3939 7.

435 3982 487 4046 De
508 3982 811 4064 comparationis
832 3980 1014 4065 gradibus
1029 3983 1109 4047 haec
1125 3981 1262 4064 paucula
1278 3981 1433 4047 adnotare

368 4088 452 4156 licet.
487 4088 704 4171 comparativo
729 4088 930 4180 abundanter
953 4088 1082 4154 additur
1104 4088 1218 4174 μᾶλλον
1244 4093 1295 4166 36,
1313 4093 1343 4152 9.
1377 4089 1433 4154 sed

367 4196 447 4261 haec
471 4196 602 4262 ubertas
627 4195 752 4260 dicendi
774 4195 935 4277 prioribus
958 4218 1024 4261 non
1047 4196 1192 4261 inaudita
1216 4202 1264 4261 est
1288 4195 1432 4281 (Krueg.

367 4308 421 4384 49,
448 4309 476 4386 7,
495 4308 513 4367 5
538 4303 687 4367 ΚιιοΙιυ.2
704 4301 741 4366 Π
756 4325 787 4384 p.
807 4305 874 4387 25).
911 4303 950 4366 de
967 4303 1144 4367 Aristotele
1169 4303 1209 4368 cf.
1229 4304 1343 4368 Bonita
1366 4304 1431 4367 ind.
