3388 5236
705 558 922 618 ..25-

347 757 484 838 τρόπαιον
501 749 612 816 ίστοίναι
628 756 662 815 et
675 747 816 815 ἵστασθαι
836 771 938 833 aeque
959 749 1054 814 estin
1071 770 1130 812 usu
1147 748 1350 829 Atticorum

286 861 422 928 activum
442 858 533 942 ponit
553 856 767 943 Thucydides,
792 856 833 921 of.
849 856 974 940 Krueg.
994 859 1047 940 52,
1062 859 1113 938 10,
1128 860 1157 923 6.
1197 855 1243 920 sio
1265 853 1352 938 apud

283 967 428 1034 Teletem
451 965 547 1032 etiam
571 963 686 1030 Oratee
712 967 800 1048 10‚3
831 968 947 1050 στησεις
974 967 1111 1047 τρόπαιον
1139 965 1217 1026 κατὰ
1245 965 1351 1032 πενίας.

283 1075 324 1145 of.
341 1074 428 1138 Plut.
445 1073 485 1138 de
501 1071 606 1138 cohib.
622 1072 671 1137 ire
685 1093 717 1155 p.
730 1074 795 1134 457
811 1069 860 1135 D:
885 1072 917 1134 τὸ
942 1067 967 1133 δ’
987 1067 1017 1132 έν
1040 1074 1123 1155 ψυχῇ
1146 1078 1251 1156 στῆσαι
1273 1071 1351 1132 κατὰ

281 1186 381 1268 θυμοῦ
405 1184 541 1264 τρόπαιον
564 1175 623 1242 κτὲ.
660 1176 800 1243 Cratetis
823 1177 958 1242 aiterum
979 1176 1120 1242 eiusdem
1143 1175 1350 1260 metaphora-e

282 1287 457 1372 exemplum
475 1285 577 1352 debeo
590 1284 729 1350 Heneio:
751 1283 844 1350 Stob.
856 1283 927 1352 flor.
941 1288 971 1367 6,
982 1287 1023 1347 39
1036 1306 1067 1367 ρ.
1079 1286 1138 1346 151
1153 1281 1253 1347 Mein.
1266 1291 1350 1346 τοῦτο

282 1407 337 1483 της
345 1392 495 1480 Ἑλλήνων
505 1391 651 1478 ἀκρασίας
662 1397 798 1477 τρόπαιον
811 1391 939 1478 ἕστηκεν.
960 1392 992 1455 in
1002 1390 1096 1456 titulo
1104 1387 1219 1456 Attico
1230 1389 1350 1456 saeculi

287 1502 392 1586 quarti
414 1501 477 1584 legi
500 1504 637 1584 τρόπαιον
660 1495 772 1565 ἱστάναι
791 1504 902 1564 monet
916 1497 1153 1563 Μ515151115552
1176 1520 1207 1581 p.
1227 1500 1301 1580 155,
1319 1503 1348 1564 6.

346 1609 483 1674 activum
507 1629 580 1672 oum
602 1605 790 1691 pronomine
814 1603 963 1672 reflexivo
993 1605 1096 1688 iungit
1119 1604 1214 1670 Teles
1243 1605 1276 1669 in
1299 1603 1348 1668 his

283 1721 346 1798 6,ss
369 1712 456 1781 αὑτὸν
480 1718 704 1799 παρασκευάσαι
729 1716 813 1796 6,11
839 1716 1109 1797 παρασκευάζουσιν
1132 1709 1239 1785 αὐτοὺς
1262 1712 1349 1777 δυνα-

282 1827 397 1910 μένους,
422 1822 461 1890 ef.
484 1821 609 1905 Krueg.
628 1824 680 1904 52,
700 1825 750 1902 10,
769 1824 800 1885 9.

346 1931 386 1995 In
413 1935 641 2013 temporum
668 1949 729 1993 usu
751 1928 818 1994 fere
843 1928 991 1992 convenit
1014 1925 1119 1992 Teleti
1150 1946 1222 1990 eum
1252 1926 1348 2008 serip-

280 2036 407 2103 toribus
430 2036 568 2117 Atticm
602 2057 706 2120 panea
739 2035 837 2119 igitur
869 2056 983 2101 moneo
1018 2039 1133 2117 utpote
1154 2037 1347 2100 ‘memoratu

281 2144 418 2210 fortasse
442 2142 596 2226 digniora.

346 2251 380 2314 in
402 2249 507 2314 verbis
533 2253 583 2332 36,
606 2253 646 2314 10
670 2246 697 2313 οί
720 2258 842 2314 τοιοῦτοι
865 2249 897 2314 δέ
920 2272 971 2336 μοι
994 2250 1128 2315 δοκοῦσιν
1151 2245 1206 2314 οὐκ
1229 2247 1346 2314 ἀκοὺειν

278 2360 350 2422 διότι
364 2354 606 2444 Ἀριστείδης...
623 2354 808 2443 ἐντιμότατος
823 2355 858 2443 ἦν
882 2356 969 2440 quod
992 2356 1110 2440 legitur
1133 2357 1268 2421 δοκοῦσιν
1291 2353 1346 2420 οὔκ

278 2463 395 2530 ἀκοίιειν
417 2462 502 2528 idem
526 2464 592 2529 fere
616 2469 666 2529 eet
689 2469 785 2546 atque
809 2461 864 2528 οίικ
887 2462 1057 2529 ἀκοίιουσινε
1087 2484 1238 2547 praesens
1267 2468 1346 2550 tem·

279 2593 341 2656 pus
358 2593 422 2655 quo
438 2570 534 2636 modo
550 2571 798 2655 intellegendum
818 2572 861 2636 sit
881 2571 1019 2655 explieat
1034 2570 1186 2654 Krueger
1203 2575 1255 2651 53,
1271 2574 1299 2651 1,
1313 2576 1344 2640 2.

278 2684 312 2745 5ί
326 2678 508 2762 Diogenem
531 2678 690 2744 dicentem
712 2678 791 2744 facit
811 2679 906 2744 Telos
929 2690 1029 2768 ρωνης
1052 2678 1213 2766 ἀκηκοέναι
1236 2684 1345 2753 κακίας

278 2784 384 2873 ἑαυτὴν
399 2782 573 2873 αἰτιωμένης
588 2783 646 2849 κτέ.
664 2788 761 2868 5,·12.
793 2787 880 2869 quod
891 2807 957 2852 non
969 2786 1135 2852 mirabitur
1151 2787 1205 2870 qui
1220 2788 1345 2852 noverit

275 2915 368 2959 usum
390 2893 544 2975 temporis
560 2892 702 2976 perfecti.
741 2891 902 2979 ἀκηκοέναι
923 2892 1000 2958 dicit
1016 2892 1164 2979 Oynious,
1190 2894 1265 2977 quie
1284 2915 1345 2959 vox

276 3003 384 3073 κακίας
413 3000 504 3084 quasi
527 3005 620 3066 sonet
643 3000 748 3066 adhue
771 3001 802 3066 in
827 3000 957 3066 auribus
981 3001 1048 3067 eius
1071 3002 1233 3094 mentique
1261 3002 1343 3067 adeo

275 3107 371 3173 infixe
395 3112 503 3174 estut
527 3108 749 3174 exeusationes
773 3109 862 3192 istae,
886 3109 1000 3193 quibus
1024 3131 1058 3176 se
1074 3110 1135 3194 ipsi
1155 3109 1273 3176 aliosve
1288 3108 1344 3175 fal-

276 3215 342 3281 lere
373 3214 476 3280 solent
503 3215 742 3299 homuncionem
775 3216 921 3282 deridere
953 3237 1018 3282 non
1042 3218 1176 3287 desinet.
1232 3218 1344 3283 eadem

276 3323 400 3387 ratione
425 3323 625 3406 explicantur
651 3323 732 3390 haeo
761 3321 854 3398 οὕτως
877 3324 1085 3410 ἀντέστραπται
1107 3338 1147 3412 τῷ
1170 3325 1303 3414 ἡμετέρῳ
1327 3324 1343 3390 ὁ

274 3427 391 3493 ἐκείνων
414 3435 523 3515 τρόπος
547 3434 659 3515 23,13
684 3429 711 3496 οί
733 3433 967 3520 παραλελυμένοι
990 3438 1042 3508 τὰς
1065 3445 1170 3521 χεῖρας
1193 3439 1246 3516 28,
1265 3438 1284 3498 9
1309 3431 1342 3497 οὐ

274 3547 376 3608 κακῶς
396 3534 445 3601 οὖν
467 3536 536 3603 οὐδὲ
556 3537 716 3628 Σοφοκλῆς
731 3545 873 3628 πεποίηκε
889 3543 1010 3623 λέγοντα
1026 3545 1074 3607 τὸν
1090 3539 1228 3607 Οἰδίπουν
1245 3547 1297 3625 36,
1312 3545 1342 3606 3.

273 3665 333 3710 neo
367 3643 459 3709 aliter
490 3649 611 3729 42,13.
640 3650 764 3729 44,12.
811 3648 897 3720 haud
929 3671 1003 3716 raro
1035 3651 1136 3734 igitur
1165 3651 1342 3735 perfeetum

274 3755 401 3835 tempus
425 3753 598 3819 comitatur
620 3776 784 3838 praesens,
808 3755 895 3821 velut
918 3756 1022 3822 inhio
1047 3761 1132 3840 23,7
1157 3760 1272 3844 βλέπων
1291 3763 1342 3824 καί

274 3863 413 3946 κεχηνώς
437 3863 548 3942 32,17
573 3859 638 3947 ἅμα
661 3865 718 3947 γὰρ
740 3873 777 3950 τη
801 3862 883 3950 ἀρχῇ
907 3865 1005 3928 πολλὰ
1027 3869 1064 3929 τὰ
1092 3864 1239 3948 ἀναγκαῖα
1260 3861 1342 3932 ’ἀνα-

273 3967 451 4044 πεπλάκασι,
481 3972 532 4032 καὶ
562 3967 627 4033 orire
654 3981 707 4057 της
734 3969 834 4059 ἀρχῆς
856 3970 1019 4060 ἀποστῆναι
1041 3983 1248 4058 προαιροῦνται
1270 3971 1340 4057 κτὲ,

273 4071 312 4141 of.
331 4076 383 4156 39,
398 4079 428 4141 6.
467 4096 570 4159 neque
593 4076 707 4142 mirum
732 4077 819 4160 quod
842 4079 903 4144 heo
917 4080 1044 4146 ratione
1059 4080 1183 4164 aliquot
1197 4080 1341 4166 perfecta

273 4181 362 4263 quasi
385 4181 470 4248 inter
491 4185 675 4265 praesentia
697 4187 857 4250 numerari
872 4192 1008 4269 possunt
1023 4187 1160 4272 (Krueg.
1179 4191 1230 4270 53,
1246 4193 1275 4270 3,
1291 4189 1340 4276 3);

271 4291 417 4377 κέκτημαι
441 4293 494 4374 24,
509 4295 538 4359 3.
563 4295 673 4375 27,14
696 4297 848 4382 κέχρημαι
873 4299 969 4378 3,12.
