3398 5230
705 571 925 632 ..55-

282 766 415 849 sephum
448 764 487 830 de
513 763 597 830 hello
621 763 694 829 Iud.
719 763 738 828 I
761 769 792 847 9,
816 767 847 846 4,
879 761 1064 830 adverbium
1094 764 1180 847 apud
1202 763 1350 829 Marcum

282 873 485 939 Antoninum
508 873 527 936 I
553 876 604 936 16.

349 977 472 1065 ὁᾶβιος
497 983 612 1062 35,16
641 977 729 1065 (opp.
754 976 770 1044 ὁ
797 978 950 1064 πλοὺσιος)
978 979 1188 1045 restituerunt
1216 977 1350 1045 Cramer

282 1092 315 1152 et
337 1087 446 1152 Halm.
481 1087 526 1152 eis
550 1106 632 1169 quae
656 1086 802 1170 exposuit
821 1086 933 1152 Hense
956 1107 987 1168 p.
1005 1085 1136 1152 XXIII
1158 1108 1223 1152 non
1246 1085 1349 1154 habeo

282 1195 369 1277 quod
384 1193 513 1260 addam.
537 1198 650 1260 notum
666 1198 715 1258 est
731 1198 838 1259 autem
854 1192 1090 1276 Antiphontem
1113 1193 1299 1277 sophistam,
1324 1195 1350 1259 si

280 1299 361 1366 fides
395 1305 443 1366 est
465 1301 719 1384 Harpocrationi
743 1305 776 1368 et
798 1300 962 1386 Hesychio
986 1323 1011 1365 s.
1037 1323 1084 1378 ν.,
1115 1299 1199 1385 ἄβιος
1233 1301 1349 1367 dixisse

280 1409 412 1474 notione
428 1408 513 1474 vocis
529 1408 678 1480 πλοὺσιος.
713 1405 850 1490 Antiph.
872 1405 911 1472 fr.
931 1412 993 1473 100
1010 1407 1081 1476 ΒΝ
1105 1406 1145 1473 cf.
1164 1429 1247 1492 quae
1268 1407 1348 1474 dixit

281 1515 405 1581 Olemm
429 1514 468 1580 de
491 1514 586 1598 alpha
607 1515 763 1580 intensivo
787 1536 819 1597 p.
838 1519 878 1578 91
905 1535 951 1598 sq.

348 1620 501 1693 ἀδάπανος
523 1623 623 1706 (4,12
648 1619 719 1708 ὄψον
743 1619 893 1686 ἀδάπανον
915 1624 967 1685 καὶ
990 1619 1164 1710 ἀτρὺφερον)
1180 1627 1348 1706 poetarum

281 1750 351 1796 esso
381 1726 513 1795 Schmid
542 1729 563 1794 l.
588 1750 615 1796 c.
640 1729 659 1793 Ι
685 1750 718 1812 p.
742 1732 805 1793 148
833 1728 969 1794 adnotat
1000 1728 1148 1793 nimirum
1175 1729 1348 1811 respiciens

280 1837 360 1902 Eur.
379 1833 485 1902 Orest.
506 1840 601 1904 1176.
634 1834 674 1903 of.
691 1835 904 1919 Hegesander
927 1840 983 1902 aut
1006 1833 1170 1902 Charicles
1185 1834 1347 1902 Athenaei

280 1944 370 2014 VIII
392 1967 422 2028 p.
446 1948 510 2010 350
533 1943 565 2013 b.
600 1949 676 2029 post
691 1944 836 2010 Teletem
859 1945 921 2009 hoc
942 1943 1099 2012 vocabulo
1123 1949 1258 2010 utuntur
1272 1944 1347 2010 Plu·

279 2052 409 2117 tarchus
431 2050 496 2117 Dio
519 2048 632 2136 Chrys.

347 2155 520 2221 ἀθὼπεοτον
549 2159 601 2220 καὶ
630 2155 831 2221 ἀκολάκευτον
863 2159 915 2239 33,
939 2160 959 2219 8
991 2160 1040 2220 est
1071 2152 1143 2221 ‘non
1171 2153 1347 2222 blandiens’

280 2286 374 2330 sensu
396 2264 514 2347 activo,
538 2260 596 2350 οὐχ
619 2260 785 2328 ὑποπίπτων
808 2259 877 2326 οὐδὲ
900 2260 1051 2344 &servitor
1075 2262 1120 2349 (3,
1140 2263 1195 2349 11)
1218 2269 1255 2328 ut
1272 2262 1346 2331 Bio-

280 2371 328 2436 nis
342 2370 447 2436 verbis
463 2375 547 2438 utar.
582 2369 785 2442 ἀκολάκευτος
807 2369 942 2436 recurrit
962 2369 1049 2454 apud
1072 2369 1283 2436 Themistium
1299 2392 1345 2438 or.

279 2476 735 2560 1132‚4V197‚8Dind.

346 2582 508 2656 ἀκάττοτος
530 2583 633 2670 (30,4
656 2580 796 2672 ὑπόδημα
820 2585 871 2647 καὶ
893 2592 977 2648 τοῦτο
1001 2581 1160 2650 ἀκάττοτον
1182 2581 1275 2671 ἥλους
1291 2581 1346 2650 οὐκ

278 2691 362 2779 ἔχον)
380 2691 584 2774 adsumptum
601 2713 640 2757 ex
652 2711 798 2757 sermone
814 2689 936 2775 vulgari
951 2690 1027 2756 alibi
1043 2711 1108 2757 non
1124 2691 1187 2775 legi
1209 2692 1344 2759 videtur.

346 2797 563 2886 ἀμτμψὶμοιρος
572 2801 624 2879 42,
637 2802 677 2862 16
687 2819 748 2864 vox
757 2818 841 2864 rara.
858 2797 957 2864 habet
968 2797 1064 2863 etiam
1073 2796 1178 2864 Marc.
1188 2798 1344 2868 Anch.

347 2904 493 2978 ἀνώδυνος
516 2908 560 2990 (8,
579 2908 597 2968 3
622 2902 734 2978 ἐξέσται
758 2926 804 2968 σοι
827 2902 964 2989 ἀνοδὺνῳ
988 2902 1046 2969 ὄντι
1068 2905 1173 2991 ποιεῖν)
1197 2925 1217 2970 a
1240 2907 1344 2989 poetis

279 3011 392 3098 (Soph.
409 3012 493 3078 Phil.
510 3015 593 3093 8833
618 3010 673 3076 Ai.
693 3013 756 3075 555
781 3016 831 3076 est
845 3030 955 3076 versus
977 3011 1207 3098 interpolatus)
1230 3011 1272 3077 ad
1295 3034 1341 3078 re·

278 3120 435 3186 centioros
457 3119 612 3202 pervenit,
638 3117 677 3183 of.
696 3115 826 3184 Schmid
849 3117 870 3182 l.
888 3139 915 3184 c.
932 3117 970 3182 H
992 3141 1024 3202 p.
1045 3122 1118 3184 190.

344 3223 592 3312 &caplappor‘non
602 3227 756 3308 curiosuS,
764 3228 927 3309 περιεργίας
935 3221 1344 3308 expers’42,15.usitatior

278 3339 326 3399 est
336 3335 426 3399 notio
437 3330 510 3398 ‘non
521 3329 714 3417 exquisitus',
731 3332 770 3398 cf.
781 3332 975 3399 Posidonius
982 3331 1201 3402 AthenaeiVI
1210 3357 1241 3418 p.
1254 3337 1344 3400 274a

277 3441 392 3530 ἀφελὴς
406 3444 456 3504 καὶ
472 3439 643 3525 ἀπερίεργος
658 3451 775 3527 χρῆσις.
800 3445 849 3506 est
864 3445 952 3506 certe
968 3462 1029 3507 vox
1045 3441 1268 3509 recentiorum.

344 3547 491 3633 ἄπλεορος
513 3551 567 3632 42,
582 3553 611 3630 7,
637 3546 676 3612 cf.
693 3551 746 3629 42,
761 3551 791 3611 3.
817 3550 846 3612 5.
874 3551 929 3631 103
953 3546 1148 3614 Aristoteles
1163 3549 1266 3614 utitur
1280 3548 1343 3616 hoe

278 3655 433 3721 vocabulo
457 3661 517 3737 ter,
542 3653 618 3720 alibi
640 3655 748 3721 nescio
773 3676 814 3720 an
836 3653 956 3720 frustra
979 3660 1163 3738 quaeratur.

344 3759 491 3849 ἀπὺρηνος
514 3765 567 3843 42,
585 3766 616 3825 2.
642 3765 675 3844 5;
703 3761 766 3828 hoo
789 3783 919 3844 quoque
941 3761 1027 3827 inter
1049 3783 1166 3845 prosae
1189 3762 1342 3828 orationis

276 3869 450 3952 scriptores
482 3866 680 3934 Aristotcles
711 3868 833 3951 primus
866 3867 1005 3935 adhibet.
1042 3868 1081 3934 cf.
1107 3867 1228 3934 Athen.
1253 3867 1341 3937 XIV

275 3997 306 4058 p.
326 3979 389 4040 652
409 3997 437 4040 a.
472 3975 610 4041 recurrit
631 3975 664 4039 in
687 3974 902 4059 Theophrasti
917 3975 991 4043 hist.
1011 3975 1054 4059 pl.
1072 3995 1178 4059 saepe.
1212 3973 1340 4041 Aristo-

275 4082 395 4164 phanes
419 4103 500 4148 com.
518 4082 557 4146 II
580 4085 754 4148 soalon
782 4081 882 4147 Mein.
900 4080 1040 4170 ἀπορηνοι
1063 4079 1137 4167 ῥόαι.

341 4187 506 4276 ἀτράχηλοι
530 4188 616 4271 quod
638 4188 756 4271 legitur
778 4191 832 4272 42,
847 4193 877 4252 2.
900 4194 918 4252 6
942 4209 1076 4254 novasse
1100 4188 1223 4253 videtur
1247 4188 1341 4255 'Peles

273 4295 323 4362 vel
345 4296 453 4380 potius
476 4301 589 4362 auctor
612 4318 633 4360 a
655 4295 768 4361 Teleto
792 4295 979 4379 exscriptus.
