<?xml version="1.0" encoding="UTF-8"?>
<!DOCTYPE html PUBLIC "-//W3C//DTD XHTML 1.0 Transitional//EN"
    "http://www.w3.org/TR/xhtml1/DTD/xhtml1-transitional.dtd">
<html xmlns="http://www.w3.org/1999/xhtml" xml:lang="en" lang="en">
 <head>
  <title>
</title>
<meta http-equiv="Content-Type" content="text/html;charset=utf-8" />
  <meta name='ocr-system' content='tesseract 3.04.00' />
  <meta name='ocr-capabilities' content='ocr_page ocr_carea ocr_par ocr_line ocrx_word'/>
</head>
<body>
  <div class='ocr_page' id='page_1' title='image "./deteletiselocut00mlgoog_0076.png"; bbox 0 0 3398 5230; ppageno 0'>
   <div class='ocr_carea' id='block_1_1' title="bbox 697 517 914 578">
    <p class='ocr_par' dir='ltr' id='par_1_1' title="bbox 697 517 914 578">
     <span class='ocr_line' id='line_1_1' title="bbox 697 517 914 578; baseline -0.009 -16"><span class='ocrx_word' id='word_1_1' title='bbox 697 517 914 578; x_wconf 75' lang='grc'>..69-</span> 
     </span>
    </p>
   </div>
   <div class='ocr_carea' id='block_1_2' title="bbox 274 703 1343 1222">
    <p class='ocr_par' dir='ltr' id='par_1_2' title="bbox 274 703 1343 1222">
     <span class='ocr_line' id='line_1_2' title="bbox 274 703 1341 796; baseline 0.001 -24"><span class='ocrx_word' id='word_1_2' title='bbox 274 709 517 796; x_wconf 75' lang='grc' dir='ltr'>διετραχηλίζετο,</span> <span class='ocrx_word' id='word_1_3' title='bbox 534 706 613 772; x_wconf 81' lang='grc' dir='ltr'>ἀλλὰ</span> <span class='ocrx_word' id='word_1_4' title='bbox 629 704 821 792; x_wconf 76' lang='grc' dir='ltr'>δείξαςαῦπῷ</span> <span class='ocrx_word' id='word_1_5' title='bbox 838 710 885 774; x_wconf 79' lang='grc' dir='ltr'><strong>τὸν</strong></span> <span class='ocrx_word' id='word_1_6' title='bbox 900 711 985 772; x_wconf 86' lang='grc' dir='ltr'>κίονοι</span> <span class='ocrx_word' id='word_1_7' title='bbox 997 703 1143 792; x_wconf 44' lang='grc' dir='ltr'>(βέλτιστέ</span> <span class='ocrx_word' id='word_1_8' title='bbox 1158 705 1216 796; x_wconf 79' lang='grc' dir='ltr'><strong>ἔφη</strong></span> <span class='ocrx_word' id='word_1_9' title='bbox 1232 704 1341 774; x_wconf 54' lang='grc' dir='ltr'><strong>ζτοῦτον</strong></span> 
     </span>
     <span class='ocr_line' id='line_1_3' title="bbox 274 811 1340 900; baseline 0.003 -21"><span class='ocrx_word' id='word_1_10' title='bbox 274 815 349 880; x_wconf 72' lang='grc' dir='ltr'>ὤθει</span> <span class='ocrx_word' id='word_1_11' title='bbox 363 811 528 900; x_wconf 63' lang='grc' dir='ltr'>προσσποίςῖ</span> <span class='ocrx_word' id='word_1_12' title='bbox 551 814 608 882; x_wconf 90' lang='lat' dir='ltr'><strong>sed</strong></span> <span class='ocrx_word' id='word_1_13' title='bbox 618 815 784 881; x_wconf 89' lang='lat' dir='ltr'><strong>ferendum</strong></span> <span class='ocrx_word' id='word_1_14' title='bbox 794 815 858 881; x_wconf 88' lang='lat' dir='ltr'><strong>hoo</strong></span> <span class='ocrx_word' id='word_1_15' title='bbox 875 836 943 882; x_wconf 88' lang='lat' dir='ltr'><strong>esse</strong></span> <span class='ocrx_word' id='word_1_16' title='bbox 956 819 1063 880; x_wconf 89' lang='lat' dir='ltr'><strong>monet</strong></span> <span class='ocrx_word' id='word_1_17' title='bbox 1076 814 1182 880; x_wconf 89' lang='lat' dir='ltr'><strong>editor</strong></span> <span class='ocrx_word' id='word_1_18' title='bbox 1191 815 1340 898; x_wconf 89' lang='lat' dir='ltr'><strong>Hauptio</strong></span> 
     </span>
     <span class='ocr_line' id='line_1_4' title="bbox 274 920 1341 1005; baseline -0.003 -16"><span class='ocrx_word' id='word_1_19' title='bbox 274 922 497 1005; x_wconf 80' lang='lat' dir='ltr'><strong>adstipulatus.</strong></span> <span class='ocrx_word' id='word_1_20' title='bbox 532 927 568 987; x_wconf 94' lang='lat' dir='ltr'><strong>ut</strong></span> <span class='ocrx_word' id='word_1_21' title='bbox 591 923 719 989; x_wconf 88' lang='lat' dir='ltr'><strong>notiora</strong></span> <span class='ocrx_word' id='word_1_22' title='bbox 742 922 899 1005; x_wconf 89' lang='lat' dir='ltr'><strong>omittam,</strong></span> <span class='ocrx_word' id='word_1_23' title='bbox 926 920 1013 987; x_wconf 92' lang='lat' dir='ltr'><strong>velut</strong></span> <span class='ocrx_word' id='word_1_24' title='bbox 1036 923 1133 988; x_wconf 89' lang='lat' dir='ltr'><strong>semel</strong></span> <span class='ocrx_word' id='word_1_25' title='bbox 1156 922 1232 1005; x_wconf 92' lang='lat' dir='ltr'><strong>poni</strong></span> <span class='ocrx_word' id='word_1_26' title='bbox 1254 922 1341 987; x_wconf 88' lang='lat' dir='ltr'><strong>haud</strong></span> 
     </span>
     <span class='ocr_line' id='line_1_5' title="bbox 274 1029 1343 1116; baseline -0.004 -20"><span class='ocrx_word' id='word_1_27' title='bbox 274 1052 350 1096; x_wconf 90' lang='lat' dir='ltr'><strong>raro</strong></span> <span class='ocrx_word' id='word_1_28' title='bbox 374 1029 507 1095; x_wconf 90' lang='lat' dir='ltr'><strong>verbum</strong></span> <span class='ocrx_word' id='word_1_29' title='bbox 530 1030 562 1094; x_wconf 91' lang='lat' dir='ltr'><strong>in</strong></span> <span class='ocrx_word' id='word_1_30' title='bbox 585 1029 733 1095; x_wconf 85' lang='lat' dir='ltr'><strong>membris</strong></span> <span class='ocrx_word' id='word_1_31' title='bbox 749 1030 916 1094; x_wconf 76' lang='lat' dir='ltr'><strong>contrariis</strong></span> <span class='ocrx_word' id='word_1_32' title='bbox 940 1030 986 1114; x_wconf 83' lang='lat'><strong>(3,</strong></span> <span class='ocrx_word' id='word_1_33' title='bbox 1007 1032 1045 1094; x_wconf 83' lang='lat'><strong>12</strong></span> <span class='ocrx_word' id='word_1_34' title='bbox 1062 1031 1097 1093; x_wconf 85' lang='lat' dir='ltr'><strong>ob</strong></span> <span class='ocrx_word' id='word_1_35' title='bbox 1113 1033 1260 1116; x_wconf 73' lang='grc' dir='ltr'>κέχρησαι</span> <span class='ocrx_word' id='word_1_36' title='bbox 1283 1037 1343 1100; x_wconf 83' lang='grc' dir='ltr'>τοῖς</span> 
     </span>
     <span class='ocr_line' id='line_1_6' title="bbox 274 1134 1342 1222; baseline 0 -21"><span class='ocrx_word' id='word_1_37' title='bbox 274 1137 396 1210; x_wconf 83' lang='grc' dir='ltr'>πολλοῖς</span> <span class='ocrx_word' id='word_1_38' title='bbox 417 1137 534 1212; x_wconf 82' lang='grc' dir='ltr'>καλῶς,</span> <span class='ocrx_word' id='word_1_39' title='bbox 562 1134 620 1218; x_wconf 69' lang='grc' dir='ltr'><strong>ἐγὼ</strong></span> <span class='ocrx_word' id='word_1_40' title='bbox 645 1137 678 1200; x_wconf 84' lang='grc' dir='ltr'><strong>δὲ</strong></span> <span class='ocrx_word' id='word_1_41' title='bbox 701 1147 761 1208; x_wconf 85' lang='grc' dir='ltr'>τοῖς</span> <span class='ocrx_word' id='word_1_42' title='bbox 784 1135 892 1218; x_wconf 79' lang='grc' dir='ltr'>ὀλίγοις</span> <span class='ocrx_word' id='word_1_43' title='bbox 921 1135 1104 1222; x_wconf 82' lang='lat' dir='ltr'><strong>similibus),</strong></span> <span class='ocrx_word' id='word_1_44' title='bbox 1131 1136 1181 1201; x_wconf 90' lang='lat' dir='ltr'><strong>vel</strong></span> <span class='ocrx_word' id='word_1_45' title='bbox 1204 1157 1342 1220; x_wconf 87' lang='lat' dir='ltr'><strong>eaquae</strong></span> 
     </span>
    </p>
   </div>
   <div class='ocr_carea' id='block_1_3' title="bbox 264 1243 1477 1330">
    <p class='ocr_par' dir='ltr' id='par_1_3' title="bbox 264 1243 1477 1330">
     <span class='ocr_line' id='line_1_7' title="bbox 264 1243 1477 1330; baseline -0.002 -21"><span class='ocrx_word' id='word_1_46' title='bbox 264 1245 383 1330; x_wconf 89' lang='lat' dir='ltr'><strong>monui</strong></span> <span class='ocrx_word' id='word_1_47' title='bbox 410 1243 451 1310; x_wconf 91' lang='lat' dir='ltr'><strong>de</strong></span> <span class='ocrx_word' id='word_1_48' title='bbox 478 1244 647 1327; x_wconf 82' lang='lat' dir='ltr'><strong>participio</strong></span> <span class='ocrx_word' id='word_1_49' title='bbox 676 1265 774 1328; x_wconf 79' lang='lat' dir='ltr'><strong>agens</strong></span> <span class='ocrx_word' id='word_1_50' title='bbox 797 1249 854 1309; x_wconf 89' lang='lat' dir='ltr'><strong>aut</strong></span> <span class='ocrx_word' id='word_1_51' title='bbox 878 1243 916 1308; x_wconf 94' lang='lat' dir='ltr'><strong>de</strong></span> <span class='ocrx_word' id='word_1_52' title='bbox 939 1243 1109 1326; x_wconf 88' lang='lat' dir='ltr'><strong>infinitivo,</strong></span> <span class='ocrx_word' id='word_1_53' title='bbox 1138 1264 1287 1325; x_wconf 88' lang='lat' dir='ltr'><strong>asperum</strong></span> <span class='ocrx_word' id='word_1_54' title='bbox 1310 1247 1343 1307; x_wconf 96' lang='lat' dir='ltr'><strong>et</strong></span> <span class='ocrx_word' id='word_1_55' title='bbox 1474 1307 1477 1316; x_wconf 86' lang='grc'><strong>,</strong></span> 
     </span>
    </p>
   </div>
   <div class='ocr_carea' id='block_1_4' title="bbox 274 1349 1348 3904">
    <p class='ocr_par' dir='ltr' id='par_1_4' title="bbox 274 1349 1344 1863">
     <span class='ocr_line' id='line_1_8' title="bbox 274 1349 1342 1435; baseline -0.002 -18"><span class='ocrx_word' id='word_1_56' title='bbox 274 1351 414 1417; x_wconf 83' lang='lat' dir='ltr'><strong>hiulcum</strong></span> <span class='ocrx_word' id='word_1_57' title='bbox 430 1371 529 1435; x_wconf 86' lang='lat' dir='ltr'><strong>genus</strong></span> <span class='ocrx_word' id='word_1_58' title='bbox 546 1350 681 1433; x_wconf 88' lang='lat' dir='ltr'><strong>dicendi,</strong></span> <span class='ocrx_word' id='word_1_59' title='bbox 707 1351 734 1416; x_wconf 92' lang='lat' dir='ltr'><strong>si</strong></span> <span class='ocrx_word' id='word_1_60' title='bbox 756 1351 846 1416; x_wconf 87' lang='lat' dir='ltr'><strong>libris</strong></span> <span class='ocrx_word' id='word_1_61' title='bbox 860 1349 960 1416; x_wconf 88' lang='lat' dir='ltr'><strong>fidere</strong></span> <span class='ocrx_word' id='word_1_62' title='bbox 982 1351 1068 1431; x_wconf 88' lang='lat' dir='ltr'><strong>licet,</strong></span> <span class='ocrx_word' id='word_1_63' title='bbox 1093 1349 1342 1433; x_wconf 85' lang='lat' dir='ltr'><strong>deprehenditur</strong></span> 
     </span>
     <span class='ocr_line' id='line_1_9' title="bbox 274 1453 1342 1547; baseline -0.002 -22"><span class='ocrx_word' id='word_1_64' title='bbox 274 1460 306 1525; x_wconf 91' lang='lat' dir='ltr'><strong>iu</strong></span> <span class='ocrx_word' id='word_1_65' title='bbox 327 1459 376 1524; x_wconf 85' lang='lat' dir='ltr'><strong>his</strong></span> <span class='ocrx_word' id='word_1_66' title='bbox 392 1462 445 1541; x_wconf 82' lang='lat'><strong>47,</strong></span> <span class='ocrx_word' id='word_1_67' title='bbox 463 1463 483 1522; x_wconf 82' lang='lat'>9</span> <span class='ocrx_word' id='word_1_68' title='bbox 506 1456 619 1546; x_wconf 82' lang='grc' dir='ltr'>ἄδηλον</span> <span class='ocrx_word' id='word_1_69' title='bbox 642 1461 698 1543; x_wconf 77' lang='grc' dir='ltr'><strong>γὰρ</strong></span> <span class='ocrx_word' id='word_1_70' title='bbox 718 1462 804 1547; x_wconf 79' lang='grc' dir='ltr'>φησίν</span> <span class='ocrx_word' id='word_1_71' title='bbox 820 1456 836 1522; x_wconf 86' lang='grc' dir='ltr'>ὁ</span> <span class='ocrx_word' id='word_1_72' title='bbox 852 1456 1014 1546; x_wconf 77' lang='grc' dir='ltr'>Σωκράτης</span> <span class='ocrx_word' id='word_1_73' title='bbox 1037 1453 1071 1521; x_wconf 80' lang='lat' dir='ltr'><strong>ob</strong></span> <span class='ocrx_word' id='word_1_74' title='bbox 1087 1462 1174 1544; x_wconf 82' lang='grc' dir='ltr'>μόνον</span> <span class='ocrx_word' id='word_1_75' title='bbox 1189 1469 1230 1542; x_wconf 83' lang='grc' dir='ltr'><strong>τῷ</strong></span> <span class='ocrx_word' id='word_1_76' title='bbox 1245 1458 1342 1544; x_wconf 78' lang='grc' dir='ltr'>καλὴν</span> 
     </span>
     <span class='ocr_line' id='line_1_10' title="bbox 275 1561 1344 1652; baseline -0.003 -21"><span class='ocrx_word' id='word_1_77' title='bbox 275 1564 300 1632; x_wconf 77' lang='grc' dir='ltr'><strong>εἰ</strong></span> <span class='ocrx_word' id='word_1_78' title='bbox 323 1563 369 1630; x_wconf 82' lang='grc' dir='ltr'><strong>ἐπὶ</strong></span> <span class='ocrx_word' id='word_1_79' title='bbox 391 1568 483 1650; x_wconf 65' lang='lat' dir='ltr'><strong>ruben</strong></span> <span class='ocrx_word' id='word_1_80' title='bbox 512 1566 617 1643; x_wconf 79' lang='grc' dir='ltr'>πλείω,</span> <span class='ocrx_word' id='word_1_81' title='bbox 646 1564 726 1630; x_wconf 81' lang='grc' dir='ltr'>ἀλλὰ</span> <span class='ocrx_word' id='word_1_82' title='bbox 752 1569 804 1631; x_wconf 86' lang='grc' dir='ltr'><strong>καὶ</strong></span> <span class='ocrx_word' id='word_1_83' title='bbox 830 1577 871 1651; x_wconf 78' lang='grc' dir='ltr'><strong>τῷ</strong></span> <span class='ocrx_word' id='word_1_84' title='bbox 902 1569 989 1630; x_wconf 77' lang='grc' dir='ltr'>τέκνα</span> <span class='ocrx_word' id='word_1_85' title='bbox 1016 1568 1067 1629; x_wconf 82' lang='grc' dir='ltr'><strong>καί</strong></span> <span class='ocrx_word' id='word_1_86' title='bbox 1096 1565 1200 1652; x_wconf 77' lang='grc' dir='ltr'>φίλους</span> <span class='ocrx_word' id='word_1_87' title='bbox 1227 1561 1251 1628; x_wconf 82' lang='grc' dir='ltr'><strong>εί</strong></span> <span class='ocrx_word' id='word_1_88' title='bbox 1278 1567 1344 1648; x_wconf 83' lang='grc' dir='ltr'>περὶ</span> 
     </span>
     <span class='ocr_line' id='line_1_11' title="bbox 276 1671 1343 1757; baseline 0 -21"><span class='ocrx_word' id='word_1_89' title='bbox 276 1676 395 1744; x_wconf 67' lang='lat' dir='ltr'><strong>rotrone</strong></span> <span class='ocrx_word' id='word_1_90' title='bbox 409 1673 509 1737; x_wconf 81' lang='grc' dir='ltr'>πλείω.</span> <span class='ocrx_word' id='word_1_91' title='bbox 544 1672 601 1739; x_wconf 91' lang='lat' dir='ltr'><strong>sed</strong></span> <span class='ocrx_word' id='word_1_92' title='bbox 623 1673 750 1757; x_wconf 86' lang='lat' dir='ltr'><strong>integra</strong></span> <span class='ocrx_word' id='word_1_93' title='bbox 771 1674 852 1739; x_wconf 81' lang='lat' dir='ltr'><strong>liaeo</strong></span> <span class='ocrx_word' id='word_1_94' title='bbox 873 1693 942 1738; x_wconf 88' lang='lat' dir='ltr'><strong>esse</strong></span> <span class='ocrx_word' id='word_1_95' title='bbox 961 1673 1089 1756; x_wconf 84' lang='lat' dir='ltr'><strong>negavit</strong></span> <span class='ocrx_word' id='word_1_96' title='bbox 1102 1671 1228 1755; x_wconf 77' lang='lat' dir='ltr'><strong>Iacobo,</strong></span> <span class='ocrx_word' id='word_1_97' title='bbox 1254 1671 1343 1737; x_wconf 91' lang='lat' dir='ltr'><strong>ouius</strong></span> 
     </span>
     <span class='ocr_line' id='line_1_12' title="bbox 278 1779 931 1863; baseline 0 -19"><span class='ocrx_word' id='word_1_98' title='bbox 278 1779 511 1863; x_wconf 88' lang='lat' dir='ltr'><strong>complementa</strong></span> <span class='ocrx_word' id='word_1_99' title='bbox 534 1781 793 1846; x_wconf 86' lang='lat' dir='ltr'><strong>commemoravit</strong></span> <span class='ocrx_word' id='word_1_100' title='bbox 815 1779 931 1845; x_wconf 91' lang='lat' dir='ltr'><strong>editor.</strong></span> 
     </span>
    </p>

    <p class='ocr_par' dir='ltr' id='par_1_5' title="bbox 277 1884 1348 3904">
     <span class='ocr_line' id='line_1_13' title="bbox 345 1884 1344 1953; baseline 0.002 -3"><span class='ocrx_word' id='word_1_101' title='bbox 345 1906 416 1950; x_wconf 86' lang='lat' dir='ltr'><strong>cum</strong></span> <span class='ocrx_word' id='word_1_102' title='bbox 439 1885 595 1951; x_wconf 88' lang='lat' dir='ltr'><strong>brevitate</strong></span> <span class='ocrx_word' id='word_1_103' title='bbox 618 1885 745 1951; x_wconf 87' lang='lat' dir='ltr'><strong>dicendi</strong></span> <span class='ocrx_word' id='word_1_104' title='bbox 768 1884 918 1952; x_wconf 81' lang='lat' dir='ltr'><strong>cohaeret</strong></span> <span class='ocrx_word' id='word_1_105' title='bbox 941 1886 1038 1953; x_wconf 88' lang='lat' dir='ltr'><strong>etiam</strong></span> <span class='ocrx_word' id='word_1_106' title='bbox 1053 1886 1268 1952; x_wconf 90' lang='lat' dir='ltr'><strong>membrorum</strong></span> <span class='ocrx_word' id='word_1_107' title='bbox 1292 1907 1344 1952; x_wconf 87' lang='lat' dir='ltr'><strong>oo-</strong></span> 
     </span>
     <span class='ocr_line' id='line_1_14' title="bbox 277 1992 1343 2077; baseline 0.001 -20"><span class='ocrx_word' id='word_1_108' title='bbox 277 1992 491 2077; x_wconf 90' lang='lat' dir='ltr'><strong>pulandorum</strong></span> <span class='ocrx_word' id='word_1_109' title='bbox 515 2014 616 2076; x_wconf 85' lang='lat' dir='ltr'><strong>genus</strong></span> <span class='ocrx_word' id='word_1_110' title='bbox 638 1992 717 2058; x_wconf 93' lang='lat' dir='ltr'><strong>illud</strong></span> <span class='ocrx_word' id='word_1_111' title='bbox 739 1994 1068 2077; x_wconf 86' lang='lat' dir='ltr'><strong>parataoticum,</strong></span> <span class='ocrx_word' id='word_1_112' title='bbox 1100 1993 1139 2059; x_wconf 89' lang='lat' dir='ltr'><strong>de</strong></span> <span class='ocrx_word' id='word_1_113' title='bbox 1163 2015 1226 2077; x_wconf 91' lang='lat' dir='ltr'><strong>quo</strong></span> <span class='ocrx_word' id='word_1_114' title='bbox 1251 2015 1343 2058; x_wconf 86' lang='lat' dir='ltr'><strong>aceu-</strong></span> 
     </span>
     <span class='ocr_line' id='line_1_15' title="bbox 277 2097 1343 2183; baseline -0.001 -19"><span class='ocrx_word' id='word_1_115' title='bbox 277 2100 379 2165; x_wconf 88' lang='lat' dir='ltr'><strong>ratius</strong></span> <span class='ocrx_word' id='word_1_116' title='bbox 404 2099 554 2164; x_wconf 89' lang='lat' dir='ltr'><strong>disseruit</strong></span> <span class='ocrx_word' id='word_1_117' title='bbox 576 2097 616 2174; x_wconf 72' lang='lat' dir='ltr'><strong>O.</strong></span> <span class='ocrx_word' id='word_1_118' title='bbox 630 2099 687 2164; x_wconf 87' lang='lat' dir='ltr'><strong>Fr.</strong></span> <span class='ocrx_word' id='word_1_119' title='bbox 703 2098 871 2165; x_wconf 89' lang='lat' dir='ltr'><strong>Hermann</strong></span> <span class='ocrx_word' id='word_1_120' title='bbox 886 2100 951 2164; x_wconf 91' lang='lat' dir='ltr'><strong>ind.</strong></span> <span class='ocrx_word' id='word_1_121' title='bbox 969 2099 1070 2165; x_wconf 89' lang='lat' dir='ltr'><strong>schol.</strong></span> <span class='ocrx_word' id='word_1_122' title='bbox 1093 2101 1177 2164; x_wconf 91' lang='lat' dir='ltr'><strong>univ.</strong></span> <span class='ocrx_word' id='word_1_123' title='bbox 1195 2097 1343 2183; x_wconf 84' lang='lat' dir='ltr'><strong>Gotting.</strong></span> 
     </span>
     <span class='ocr_line' id='line_1_16' title="bbox 279 2203 1344 2294; baseline -0.001 -22"><span class='ocrx_word' id='word_1_124' title='bbox 279 2214 358 2272; x_wconf 89' lang='lat' dir='ltr'><strong>aest.</strong></span> <span class='ocrx_word' id='word_1_125' title='bbox 375 2227 404 2271; x_wconf 91' lang='lat' dir='ltr'><strong>a.</strong></span> <span class='ocrx_word' id='word_1_126' title='bbox 423 2209 517 2271; x_wconf 82' lang='lat'><strong>1850.</strong></span> <span class='ocrx_word' id='word_1_127' title='bbox 535 2205 607 2273; x_wconf 91' lang='lat' dir='ltr'><strong>dioo</strong></span> <span class='ocrx_word' id='word_1_128' title='bbox 623 2206 716 2271; x_wconf 90' lang='lat' dir='ltr'><strong>huius</strong></span> <span class='ocrx_word' id='word_1_129' title='bbox 729 2207 817 2272; x_wconf 87' lang='lat' dir='ltr'><strong>modi</strong></span> <span class='ocrx_word' id='word_1_130' title='bbox 833 2205 990 2289; x_wconf 87' lang='lat' dir='ltr'><strong>exempla:</strong></span> <span class='ocrx_word' id='word_1_131' title='bbox 1009 2213 1039 2290; x_wconf 83' lang='grc'><strong>6,</strong></span> <span class='ocrx_word' id='word_1_132' title='bbox 1056 2209 1094 2270; x_wconf 76' lang='grc'><strong>12</strong></span> <span class='ocrx_word' id='word_1_133' title='bbox 1111 2203 1201 2282; x_wconf 71' lang='grc' dir='ltr'>εὐδία,</span> <span class='ocrx_word' id='word_1_134' title='bbox 1216 2206 1344 2294; x_wconf 75' lang='grc' dir='ltr'>γαλήνη·</span> 
     </span>
     <span class='ocr_line' id='line_1_17' title="bbox 278 2310 1345 2400; baseline -0.001 -23"><span class='ocrx_word' id='word_1_135' title='bbox 278 2324 340 2387; x_wconf 84' lang='grc' dir='ltr'>ταῖς</span> <span class='ocrx_word' id='word_1_136' title='bbox 363 2318 478 2386; x_wconf 82' lang='grc' dir='ltr'>κώπαις</span> <span class='ocrx_word' id='word_1_137' title='bbox 504 2314 637 2377; x_wconf 80' lang='grc' dir='ltr'>πλέουσι·</span> <span class='ocrx_word' id='word_1_138' title='bbox 665 2317 743 2377; x_wconf 84' lang='grc' dir='ltr'>κατὰ</span> <span class='ocrx_word' id='word_1_139' title='bbox 774 2323 843 2378; x_wconf 82' lang='grc' dir='ltr'>ναῦν</span> <span class='ocrx_word' id='word_1_140' title='bbox 870 2311 992 2399; x_wconf 81' lang='grc' dir='ltr'>ἄνεμος·</span> <span class='ocrx_word' id='word_1_141' title='bbox 1020 2310 1132 2400; x_wconf 78' lang='grc' dir='ltr'>ἐπῆραν</span> <span class='ocrx_word' id='word_1_142' title='bbox 1159 2316 1196 2376; x_wconf 83' lang='grc' dir='ltr'><strong>τὰ</strong></span> <span class='ocrx_word' id='word_1_143' title='bbox 1223 2311 1345 2399; x_wconf 77' lang='grc' dir='ltr'>ἄρμενα.</span> 
     </span>
     <span class='ocr_line' id='line_1_18' title="bbox 280 2419 1345 2505; baseline -0.002 -19"><span class='ocrx_word' id='word_1_144' title='bbox 280 2442 472 2505; x_wconf 90' lang='lat' dir='ltr'><strong>quamquam</strong></span> <span class='ocrx_word' id='word_1_145' title='bbox 494 2421 527 2485; x_wconf 91' lang='lat' dir='ltr'><strong>in</strong></span> <span class='ocrx_word' id='word_1_146' title='bbox 550 2442 588 2487; x_wconf 90' lang='lat' dir='ltr'><strong>eo</strong></span> <span class='ocrx_word' id='word_1_147' title='bbox 612 2421 729 2487; x_wconf 84' lang='lat' dir='ltr'><strong>erravit</strong></span> <span class='ocrx_word' id='word_1_148' title='bbox 748 2420 795 2486; x_wconf 95' lang='lat' dir='ltr'><strong>vir</strong></span> <span class='ocrx_word' id='word_1_149' title='bbox 810 2420 935 2503; x_wconf 85' lang='lat' dir='ltr'><strong>doetus,</strong></span> <span class='ocrx_word' id='word_1_150' title='bbox 960 2420 1046 2503; x_wconf 91' lang='lat' dir='ltr'><strong>quod</strong></span> <span class='ocrx_word' id='word_1_151' title='bbox 1069 2419 1184 2486; x_wconf 88' lang='lat' dir='ltr'><strong>horum</strong></span> <span class='ocrx_word' id='word_1_152' title='bbox 1199 2421 1345 2503; x_wconf 83' lang='lat' dir='ltr'><strong>protasin</strong></span> 
     </span>
     <span class='ocr_line' id='line_1_19' title="bbox 279 2526 1345 2612; baseline -0.002 -18"><span class='ocrx_word' id='word_1_153' title='bbox 279 2527 457 2594; x_wconf 88' lang='lat' dir='ltr'><strong>membrum</strong></span> <span class='ocrx_word' id='word_1_154' title='bbox 484 2527 747 2612; x_wconf 84' lang='lat' dir='ltr'><strong>interrogativum</strong></span> <span class='ocrx_word' id='word_1_155' title='bbox 774 2547 843 2593; x_wconf 89' lang='lat' dir='ltr'><strong>esse</strong></span> <span class='ocrx_word' id='word_1_156' title='bbox 873 2528 1007 2612; x_wconf 91' lang='lat' dir='ltr'><strong>putavit.</strong></span> <span class='ocrx_word' id='word_1_157' title='bbox 1042 2529 1138 2593; x_wconf 90' lang='lat' dir='ltr'><strong>immo</strong></span> <span class='ocrx_word' id='word_1_158' title='bbox 1165 2526 1345 2610; x_wconf 89' lang='lat' dir='ltr'><strong>posteriore</strong></span> 
     </span>
     <span class='ocr_line' id='line_1_20' title="bbox 278 2633 1345 2719; baseline -0.002 -18"><span class='ocrx_word' id='word_1_159' title='bbox 278 2637 457 2702; x_wconf 89' lang='lat' dir='ltr'><strong>litterarum</strong></span> <span class='ocrx_word' id='word_1_160' title='bbox 485 2633 686 2702; x_wconf 82' lang='lat' dir='ltr'><strong>Graecarum</strong></span> <span class='ocrx_word' id='word_1_161' title='bbox 714 2656 792 2702; x_wconf 90' lang='lat' dir='ltr'><strong>aevo</strong></span> <span class='ocrx_word' id='word_1_162' title='bbox 821 2635 912 2702; x_wconf 89' lang='lat' dir='ltr'><strong>stilus</strong></span> <span class='ocrx_word' id='word_1_163' title='bbox 939 2640 1104 2718; x_wconf 87' lang='lat' dir='ltr'><strong>tamquam</strong></span> <span class='ocrx_word' id='word_1_164' title='bbox 1134 2633 1175 2700; x_wconf 91' lang='lat' dir='ltr'><strong>ad</strong></span> <span class='ocrx_word' id='word_1_165' title='bbox 1205 2634 1345 2719; x_wconf 82' lang='lat' dir='ltr'><strong>syntaxis</strong></span> 
     </span>
     <span class='ocr_line' id='line_1_21' title="bbox 278 2739 1344 2826; baseline -0.001 -18"><span class='ocrx_word' id='word_1_166' title='bbox 278 2742 456 2826; x_wconf 89' lang='lat' dir='ltr'><strong>primordia</strong></span> <span class='ocrx_word' id='word_1_167' title='bbox 478 2764 623 2809; x_wconf 88' lang='lat' dir='ltr'><strong>reversus</strong></span> <span class='ocrx_word' id='word_1_168' title='bbox 646 2742 729 2808; x_wconf 88' lang='lat' dir='ltr'><strong>bano</strong></span> <span class='ocrx_word' id='word_1_169' title='bbox 753 2741 926 2809; x_wconf 84' lang='lat' dir='ltr'><strong>adfectavit</strong></span> <span class='ocrx_word' id='word_1_170' title='bbox 949 2742 1196 2826; x_wconf 86' lang='lat' dir='ltr'><strong>simplieitatem,</strong></span> <span class='ocrx_word' id='word_1_171' title='bbox 1221 2747 1257 2806; x_wconf 91' lang='lat' dir='ltr'><strong>ut</strong></span> <span class='ocrx_word' id='word_1_172' title='bbox 1281 2739 1344 2807; x_wconf 91' lang='lat' dir='ltr'><strong>duo</strong></span> 
     </span>
     <span class='ocr_line' id='line_1_22' title="bbox 279 2847 1346 2934; baseline -0.002 -20"><span class='ocrx_word' id='word_1_173' title='bbox 279 2849 423 2916; x_wconf 89' lang='lat' dir='ltr'><strong>membra</strong></span> <span class='ocrx_word' id='word_1_174' title='bbox 437 2855 602 2934; x_wconf 87' lang='lat' dir='ltr'><strong>tamquam</strong></span> <span class='ocrx_word' id='word_1_175' title='bbox 618 2850 784 2916; x_wconf 85' lang='lat' dir='ltr'><strong>enuntiata</strong></span> <span class='ocrx_word' id='word_1_176' title='bbox 798 2850 952 2933; x_wconf 90' lang='lat' dir='ltr'><strong>primaria</strong></span> <span class='ocrx_word' id='word_1_177' title='bbox 966 2850 1055 2914; x_wconf 85' lang='lat' dir='ltr'><strong>iuxta</strong></span> <span class='ocrx_word' id='word_1_178' title='bbox 1068 2853 1206 2933; x_wconf 89' lang='lat' dir='ltr'><strong>poneret</strong></span> <span class='ocrx_word' id='word_1_179' title='bbox 1220 2847 1346 2914; x_wconf 88' lang='lat' dir='ltr'><strong>ratione</strong></span> 
     </span>
     <span class='ocr_line' id='line_1_23' title="bbox 279 2955 1345 3040; baseline -0.005 -19"><span class='ocrx_word' id='word_1_180' title='bbox 279 2956 386 3040; x_wconf 84' lang='lat' dir='ltr'><strong>logica</strong></span> <span class='ocrx_word' id='word_1_181' title='bbox 408 2977 472 3040; x_wconf 91' lang='lat' dir='ltr'><strong>qua</strong></span> <span class='ocrx_word' id='word_1_182' title='bbox 493 2956 549 3022; x_wconf 91' lang='lat' dir='ltr'><strong>illa</strong></span> <span class='ocrx_word' id='word_1_183' title='bbox 570 2957 654 3022; x_wconf 91' lang='lat' dir='ltr'><strong>inter</strong></span> <span class='ocrx_word' id='word_1_184' title='bbox 678 2978 712 3022; x_wconf 87' lang='lat' dir='ltr'><strong>se</strong></span> <span class='ocrx_word' id='word_1_185' title='bbox 735 2955 959 3040; x_wconf 81' lang='lat' dir='ltr'><strong>coniungenda</strong></span> <span class='ocrx_word' id='word_1_186' title='bbox 982 2962 1089 3024; x_wconf 89' lang='lat' dir='ltr'><strong>essent</strong></span> <span class='ocrx_word' id='word_1_187' title='bbox 1108 2978 1172 3022; x_wconf 91' lang='lat' dir='ltr'><strong>non</strong></span> <span class='ocrx_word' id='word_1_188' title='bbox 1194 2955 1345 3021; x_wconf 86' lang='lat' dir='ltr'><strong>indicata.</strong></span> 
     </span>
     <span class='ocr_line' id='line_1_24' title="bbox 279 3059 1346 3149; baseline -0.003 -21"><span class='ocrx_word' id='word_1_189' title='bbox 279 3063 409 3148; x_wconf 86' lang='lat' dir='ltr'><strong>negatio</strong></span> <span class='ocrx_word' id='word_1_190' title='bbox 436 3064 535 3147; x_wconf 84' lang='lat' dir='ltr'><strong>igitur</strong></span> <span class='ocrx_word' id='word_1_191' title='bbox 562 3069 611 3129; x_wconf 90' lang='lat' dir='ltr'><strong>est</strong></span> <span class='ocrx_word' id='word_1_192' title='bbox 634 3059 689 3128; x_wconf 78' lang='lat' dir='ltr'><strong>aba</strong></span> <span class='ocrx_word' id='word_1_193' title='bbox 712 3063 804 3129; x_wconf 91' lang='lat' dir='ltr'><strong>utin</strong></span> <span class='ocrx_word' id='word_1_194' title='bbox 835 3064 1001 3130; x_wconf 89' lang='lat' dir='ltr'><strong>enuntiato</strong></span> <span class='ocrx_word' id='word_1_195' title='bbox 1028 3063 1195 3149; x_wconf 88' lang='lat' dir='ltr'><strong>primario:</strong></span> <span class='ocrx_word' id='word_1_196' title='bbox 1224 3060 1346 3138; x_wconf 79' lang='grc' dir='ltr'>ἐκποιεῖ,</span> 
     </span>
     <span class='ocr_line' id='line_1_25' title="bbox 281 3167 1347 3259; baseline 0 -25"><span class='ocrx_word' id='word_1_197' title='bbox 281 3181 405 3259; x_wconf 78' lang='grc' dir='ltr'>χρῆσαι·</span> <span class='ocrx_word' id='word_1_198' title='bbox 429 3167 484 3235; x_wconf 74' lang='grc' dir='ltr'><strong>οὐκ</strong></span> <span class='ocrx_word' id='word_1_199' title='bbox 506 3167 625 3248; x_wconf 63' lang='grc' dir='ltr'>ἐκποιεῖ,</span> <span class='ocrx_word' id='word_1_200' title='bbox 649 3179 758 3235; x_wconf 79' lang='grc' dir='ltr'>παῦσαι</span> <span class='ocrx_word' id='word_1_201' title='bbox 781 3174 836 3255; x_wconf 93' lang='grc'><strong>41,</strong></span> <span class='ocrx_word' id='word_1_202' title='bbox 852 3176 883 3238; x_wconf 86' lang='grc'><strong>8.</strong></span> <span class='ocrx_word' id='word_1_203' title='bbox 917 3171 981 3237; x_wconf 87' lang='lat' dir='ltr'><strong>sive</strong></span> <span class='ocrx_word' id='word_1_204' title='bbox 1003 3170 1101 3257; x_wconf 83' lang='lat' dir='ltr'><strong>igitur</strong></span> <span class='ocrx_word' id='word_1_205' title='bbox 1115 3169 1250 3237; x_wconf 90' lang='lat' dir='ltr'><strong>membri</strong></span> <span class='ocrx_word' id='word_1_206' title='bbox 1272 3190 1347 3235; x_wconf 88' lang='lat' dir='ltr'><strong>eon·</strong></span> 
     </span>
     <span class='ocr_line' id='line_1_26' title="bbox 282 3276 1346 3363; baseline -0.003 -19"><span class='ocrx_word' id='word_1_207' title='bbox 282 3278 448 3346; x_wconf 83' lang='lat' dir='ltr'><strong>dicionalis</strong></span> <span class='ocrx_word' id='word_1_208' title='bbox 470 3278 555 3344; x_wconf 85' lang='lat' dir='ltr'><strong>vices</strong></span> <span class='ocrx_word' id='word_1_209' title='bbox 578 3278 685 3362; x_wconf 85' lang='lat' dir='ltr'><strong>explet</strong></span> <span class='ocrx_word' id='word_1_210' title='bbox 707 3279 796 3362; x_wconf 88' lang='lat' dir='ltr'><strong>prius</strong></span> <span class='ocrx_word' id='word_1_211' title='bbox 819 3279 1028 3363; x_wconf 89' lang='lat' dir='ltr'><strong>enuntiatum,</strong></span> <span class='ocrx_word' id='word_1_212' title='bbox 1060 3279 1124 3345; x_wconf 88' lang='lat' dir='ltr'><strong>sive</strong></span> <span class='ocrx_word' id='word_1_213' title='bbox 1150 3276 1346 3361; x_wconf 89' lang='lat' dir='ltr'><strong>temporalis,</strong></span> 
     </span>
     <span class='ocr_line' id='line_1_27' title="bbox 280 3385 1346 3471; baseline -0.003 -19"><span class='ocrx_word' id='word_1_214' title='bbox 280 3387 435 3471; x_wconf 87' lang='lat' dir='ltr'><strong>temporis</strong></span> <span class='ocrx_word' id='word_1_215' title='bbox 463 3387 555 3454; x_wconf 90' lang='lat' dir='ltr'><strong>notio</strong></span> <span class='ocrx_word' id='word_1_216' title='bbox 588 3387 637 3452; x_wconf 90' lang='lat' dir='ltr'><strong>vel</strong></span> <span class='ocrx_word' id='word_1_217' title='bbox 669 3386 866 3453; x_wconf 85' lang='lat' dir='ltr'><strong>condicionis</strong></span> <span class='ocrx_word' id='word_1_218' title='bbox 894 3385 1040 3452; x_wconf 82' lang='lat' dir='ltr'><strong>adfertur</strong></span> <span class='ocrx_word' id='word_1_219' title='bbox 1069 3391 1177 3452; x_wconf 91' lang='lat' dir='ltr'><strong>mente</strong></span> <span class='ocrx_word' id='word_1_220' title='bbox 1196 3385 1346 3451; x_wconf 80' lang='lat' dir='ltr'><strong>lectoria.</strong></span> 
     </span>
     <span class='ocr_line' id='line_1_28' title="bbox 281 3493 1348 3578; baseline -0.004 -17"><span class='ocrx_word' id='word_1_221' title='bbox 281 3500 314 3561; x_wconf 92' lang='lat' dir='ltr'><strong>et</strong></span> <span class='ocrx_word' id='word_1_222' title='bbox 345 3515 454 3561; x_wconf 91' lang='lat' dir='ltr'><strong>veram</strong></span> <span class='ocrx_word' id='word_1_223' title='bbox 485 3515 554 3560; x_wconf 87' lang='lat' dir='ltr'><strong>esse</strong></span> <span class='ocrx_word' id='word_1_224' title='bbox 585 3494 669 3560; x_wconf 88' lang='lat' dir='ltr'><strong>hane</strong></span> <span class='ocrx_word' id='word_1_225' title='bbox 701 3494 997 3578; x_wconf 88' lang='lat' dir='ltr'><strong>interpretationem</strong></span> <span class='ocrx_word' id='word_1_226' title='bbox 1028 3495 1097 3578; x_wconf 87' lang='lat' dir='ltr'><strong>ipse</strong></span> <span class='ocrx_word' id='word_1_227' title='bbox 1129 3493 1224 3559; x_wconf 82' lang='lat' dir='ltr'><strong>Teles</strong></span> <span class='ocrx_word' id='word_1_228' title='bbox 1257 3497 1348 3558; x_wconf 86' lang='lat' dir='ltr'><strong>extra</strong></span> 
     </span>
     <span class='ocr_line' id='line_1_29' title="bbox 282 3597 1347 3685; baseline -0.003 -18"><span class='ocrx_word' id='word_1_229' title='bbox 282 3601 516 3669; x_wconf 85' lang='lat' dir='ltr'><strong>dubitationem</strong></span> <span class='ocrx_word' id='word_1_230' title='bbox 535 3602 627 3685; x_wconf 90' lang='lat' dir='ltr'><strong>ponit</strong></span> <span class='ocrx_word' id='word_1_231' title='bbox 650 3601 695 3667; x_wconf 88' lang='lat' dir='ltr'><strong>eis</strong></span> <span class='ocrx_word' id='word_1_232' title='bbox 720 3622 802 3684; x_wconf 90' lang='lat' dir='ltr'><strong>quae</strong></span> <span class='ocrx_word' id='word_1_233' title='bbox 826 3623 865 3668; x_wconf 85' lang='lat' dir='ltr'><strong>ex</strong></span> <span class='ocrx_word' id='word_1_234' title='bbox 887 3622 950 3667; x_wconf 92' lang='lat' dir='ltr'><strong>uno</strong></span> <span class='ocrx_word' id='word_1_235' title='bbox 967 3602 1142 3684; x_wconf 88' lang='lat' dir='ltr'><strong>eodemque</strong></span> <span class='ocrx_word' id='word_1_236' title='bbox 1165 3602 1255 3667; x_wconf 85' lang='lat' dir='ltr'><strong>fonte</strong></span> <span class='ocrx_word' id='word_1_237' title='bbox 1271 3597 1347 3665; x_wconf 84' lang='lat' dir='ltr'><strong>Ora-</strong></span> 
     </span>
     <span class='ocr_line' id='line_1_30' title="bbox 281 3708 1347 3792; baseline -0.003 -19"><span class='ocrx_word' id='word_1_238' title='bbox 281 3713 370 3775; x_wconf 90' lang='lat' dir='ltr'><strong>teteo</strong></span> <span class='ocrx_word' id='word_1_239' title='bbox 386 3708 490 3774; x_wconf 91' lang='lat' dir='ltr'><strong>Bione</strong></span> <span class='ocrx_word' id='word_1_240' title='bbox 514 3713 550 3772; x_wconf 89' lang='lat' dir='ltr'><strong>ut</strong></span> <span class='ocrx_word' id='word_1_241' title='bbox 564 3708 690 3773; x_wconf 88' lang='lat' dir='ltr'><strong>Hensio</strong></span> <span class='ocrx_word' id='word_1_242' title='bbox 713 3708 838 3775; x_wconf 87' lang='lat' dir='ltr'><strong>videtur</strong></span> <span class='ocrx_word' id='word_1_243' title='bbox 853 3714 986 3775; x_wconf 85' lang='lat' dir='ltr'><strong>auctore</strong></span> <span class='ocrx_word' id='word_1_244' title='bbox 1010 3708 1163 3774; x_wconf 88' lang='lat' dir='ltr'><strong>derivavit</strong></span> <span class='ocrx_word' id='word_1_245' title='bbox 1184 3730 1216 3792; x_wconf 90' lang='lat' dir='ltr'><strong>p.</strong></span> <span class='ocrx_word' id='word_1_246' title='bbox 1234 3710 1286 3790; x_wconf 87' lang='grc'><strong>31,</strong></span> <span class='ocrx_word' id='word_1_247' title='bbox 1306 3708 1347 3771; x_wconf 89' lang='grc'><strong>14</strong></span> 
     </span>
     <span class='ocr_line' id='line_1_31' title="bbox 283 3813 1346 3904; baseline -0.006 -21"><span class='ocrx_word' id='word_1_248' title='bbox 283 3822 357 3901; x_wconf 88' lang='lat' dir='ltr'><strong>etp.</strong></span> <span class='ocrx_word' id='word_1_249' title='bbox 373 3821 415 3882; x_wconf 86' lang='grc'><strong>38</strong></span> <span class='ocrx_word' id='word_1_250' title='bbox 431 3837 478 3900; x_wconf 91' lang='lat' dir='ltr'><strong>sq.</strong></span> <span class='ocrx_word' id='word_1_251' title='bbox 502 3817 696 3900; x_wconf 88' lang='lat' dir='ltr'><strong>respondent</strong></span> <span class='ocrx_word' id='word_1_252' title='bbox 720 3821 827 3883; x_wconf 89' lang='lat' dir='ltr'><strong>autem</strong></span> <span class='ocrx_word' id='word_1_253' title='bbox 842 3817 926 3882; x_wconf 90' lang='lat' dir='ltr'><strong>inter</strong></span> <span class='ocrx_word' id='word_1_254' title='bbox 941 3837 975 3882; x_wconf 86' lang='lat' dir='ltr'><strong>se</strong></span> <span class='ocrx_word' id='word_1_255' title='bbox 991 3813 1104 3904; x_wconf 81' lang='grc' dir='ltr'>ἔφηβος</span> <span class='ocrx_word' id='word_1_256' title='bbox 1114 3820 1227 3898; x_wconf 74' lang='grc' dir='ltr'>γέγονεν</span> <span class='ocrx_word' id='word_1_257' title='bbox 1239 3818 1290 3897; x_wconf 83' lang='grc'><strong>38,</strong></span> <span class='ocrx_word' id='word_1_258' title='bbox 1306 3816 1346 3877; x_wconf 80' lang='lat'><strong>15</strong></span> 
     </span>
    </p>
   </div>
   <div class='ocr_carea' id='block_1_5' title="bbox 282 3919 1348 4329">
    <p class='ocr_par' dir='ltr' id='par_1_6' title="bbox 282 3919 1348 4329">
     <span class='ocr_line' id='line_1_32' title="bbox 282 3919 1348 4012; baseline -0.006 -23"><span class='ocrx_word' id='word_1_259' title='bbox 282 3930 315 3989; x_wconf 96' lang='lat' dir='ltr'><strong>et</strong></span> <span class='ocrx_word' id='word_1_260' title='bbox 337 3922 449 4012; x_wconf 80' lang='grc' dir='ltr'>ἔφηβος</span> <span class='ocrx_word' id='word_1_261' title='bbox 473 3924 505 3987; x_wconf 85' lang='grc' dir='ltr'><strong>δὲ</strong></span> <span class='ocrx_word' id='word_1_262' title='bbox 527 3929 680 4010; x_wconf 70' lang='grc' dir='ltr'>γενόμενος</span> <span class='ocrx_word' id='word_1_263' title='bbox 698 3927 749 4007; x_wconf 88' lang='grc'><strong>31,</strong></span> <span class='ocrx_word' id='word_1_264' title='bbox 769 3926 820 4007; x_wconf 89' lang='grc'><strong>14,</strong></span> <span class='ocrx_word' id='word_1_265' title='bbox 844 3925 920 3989; x_wconf 90' lang='lat' dir='ltr'><strong>item</strong></span> <span class='ocrx_word' id='word_1_266' title='bbox 936 3922 1010 4009; x_wconf 81' lang='grc' dir='ltr'>ἀνὴρ</span> <span class='ocrx_word' id='word_1_267' title='bbox 1033 3929 1133 4004; x_wconf 73' lang='grc' dir='ltr'>γέγονε</span> <span class='ocrx_word' id='word_1_268' title='bbox 1145 3925 1200 3985; x_wconf 86' lang='grc' dir='ltr'><strong>καί</strong></span> <span class='ocrx_word' id='word_1_269' title='bbox 1223 3919 1348 4007; x_wconf 72' lang='grc' dir='ltr'>ἀκμάζει</span> 
     </span>
     <span class='ocr_line' id='line_1_33' title="bbox 283 4026 1347 4116; baseline -0.003 -21"><span class='ocrx_word' id='word_1_270' title='bbox 283 4034 371 4114; x_wconf 86' lang='grc'><strong>39,6</strong></span> <span class='ocrx_word' id='word_1_271' title='bbox 397 4035 429 4095; x_wconf 92' lang='lat' dir='ltr'><strong>et</strong></span> <span class='ocrx_word' id='word_1_272' title='bbox 451 4027 521 4096; x_wconf 74' lang='lat' dir='ltr'><strong>brev</strong></span> <span class='ocrx_word' id='word_1_273' title='bbox 545 4031 577 4094; x_wconf 82' lang='grc' dir='ltr'><strong>δὲ</strong></span> <span class='ocrx_word' id='word_1_274' title='bbox 601 4028 743 4116; x_wconf 65' lang='grc' dir='ltr'>ἀνδρωθκζρ</span> <span class='ocrx_word' id='word_1_275' title='bbox 768 4035 891 4112; x_wconf 83' lang='lat'><strong>31,15.</strong></span> <span class='ocrx_word' id='word_1_276' title='bbox 926 4035 962 4094; x_wconf 95' lang='lat' dir='ltr'><strong>ut</strong></span> <span class='ocrx_word' id='word_1_277' title='bbox 985 4051 1049 4113; x_wconf 91' lang='lat' dir='ltr'><strong>qua</strong></span> <span class='ocrx_word' id='word_1_278' title='bbox 1071 4029 1196 4094; x_wconf 90' lang='lat' dir='ltr'><strong>ratione</strong></span> <span class='ocrx_word' id='word_1_279' title='bbox 1225 4026 1347 4092; x_wconf 90' lang='lat' dir='ltr'><strong>intelle·</strong></span> 
     </span>
     <span class='ocr_line' id='line_1_34' title="bbox 283 4133 1347 4226; baseline -0.004 -25"><span class='ocrx_word' id='word_1_280' title='bbox 283 4137 387 4221; x_wconf 83' lang='lat' dir='ltr'><strong>ganda</strong></span> <span class='ocrx_word' id='word_1_281' title='bbox 409 4137 472 4202; x_wconf 84' lang='lat' dir='ltr'><strong>sint</strong></span> <span class='ocrx_word' id='word_1_282' title='bbox 487 4136 542 4202; x_wconf 89' lang='lat' dir='ltr'><strong>illa</strong></span> <span class='ocrx_word' id='word_1_283' title='bbox 557 4136 669 4226; x_wconf 79' lang='grc' dir='ltr'>ἔφηβος</span> <span class='ocrx_word' id='word_1_284' title='bbox 688 4142 802 4220; x_wconf 70' lang='grc' dir='ltr'>γέγονεν</span> <span class='ocrx_word' id='word_1_285' title='bbox 819 4144 851 4204; x_wconf 87' lang='lat' dir='ltr'><strong>et</strong></span> <span class='ocrx_word' id='word_1_286' title='bbox 866 4136 941 4225; x_wconf 77' lang='grc' dir='ltr'>ἀνὴρ</span> <span class='ocrx_word' id='word_1_287' title='bbox 956 4141 1055 4218; x_wconf 70' lang='grc' dir='ltr'>γέγονε</span> <span class='ocrx_word' id='word_1_288' title='bbox 1070 4134 1192 4219; x_wconf 86' lang='lat' dir='ltr'><strong>similia,</strong></span> <span class='ocrx_word' id='word_1_289' title='bbox 1217 4133 1347 4198; x_wconf 89' lang='lat' dir='ltr'><strong>dubium</strong></span> 
     </span>
     <span class='ocr_line' id='line_1_35' title="bbox 283 4241 1347 4329; baseline -0.004 -20"><span class='ocrx_word' id='word_1_290' title='bbox 283 4263 352 4309; x_wconf 90' lang='lat' dir='ltr'><strong>esse</strong></span> <span class='ocrx_word' id='word_1_291' title='bbox 374 4265 441 4310; x_wconf 91' lang='lat' dir='ltr'><strong>nou</strong></span> <span class='ocrx_word' id='word_1_292' title='bbox 462 4245 572 4328; x_wconf 86' lang='lat' dir='ltr'><strong>possit,</strong></span> <span class='ocrx_word' id='word_1_293' title='bbox 597 4265 669 4309; x_wconf 91' lang='lat' dir='ltr'><strong>oum</strong></span> <span class='ocrx_word' id='word_1_294' title='bbox 691 4245 880 4329; x_wconf 90' lang='lat' dir='ltr'><strong>praesertim</strong></span> <span class='ocrx_word' id='word_1_295' title='bbox 900 4243 1043 4315; x_wconf 86' lang='lat' dir='ltr'><strong>variandi</strong></span> <span class='ocrx_word' id='word_1_296' title='bbox 1066 4242 1170 4327; x_wconf 86' lang='lat' dir='ltr'><strong>gratia</strong></span> <span class='ocrx_word' id='word_1_297' title='bbox 1193 4241 1347 4324; x_wconf 86' lang='lat' dir='ltr'><strong>seriptum</strong></span> 
     </span>
    </p>
   </div>
   <div class='ocr_carea' id='block_1_6' title="bbox 0 0 1717 5220">
    <p class='ocr_par' dir='ltr' id='par_1_7' title="bbox 0 0 1717 5220">
     <span class='ocr_line' id='line_1_36' title="bbox 0 0 1717 5220; baseline 0 0"><span class='ocrx_word' id='word_1_298' title='bbox 0 0 1717 5220; x_wconf 95' lang='lat' dir='ltr'><strong> </strong></span> 
     </span>
    </p>
   </div>
  </div>
 </body>
</html>
