3398 5230
274 760 372 827 habet
395 768 510 828 auctor
533 760 674 827 Axiochi
699 762 733 826 in
760 763 831 828 loco
860 761 1014 828 consimili
1037 784 1068 846 p.
1096 767 1158 827 366
1185 762 1213 826 ll
1237 763 1345 826 παιδα-

272 872 362 951 ηιυηοί
384 872 436 933 καί
457 873 722 956 γραμματισταί
745 873 795 933 καὶ
814 869 1004 954 παιδοτρίβαι.
1034 869 1091 934 sed
1107 868 1145 935 cf.
1165 870 1251 938 Plut.
1268 869 1342 935 Alc.

274 996 301 1041 c.
321 981 338 1040 7
363 976 562 1060 Hermippus
585 974 710 1042 Laertii
732 976 769 1040 X
794 981 813 1041 2
837 976 978 1062 Hesych.
996 997 1021 1044 s.
1037 981 1269 1064 γραμματιστής.

341 1083 547 1168 δευτερολόηος
570 1089 603 1150 et
625 1082 813 1168 πριοτολδηος
836 1084 882 1171 (3,
896 1088 926 1149 5.
945 1084 979 1171 7)
1001 1106 1061 1168 pro
1080 1084 1342 1172 δευτεραγωνιστής

274 1197 307 1257 et
321 1197 573 1279 πρωταγωνιστής,
598 1192 624 1256 si
639 1191 747 1257 lexicis
771 1192 868 1258 fidere
891 1193 976 1273 licet,
1000 1192 1076 1258 alibi
1092 1214 1156 1258 nou
1179 1191 1338 1275 leguntur.

340 1298 541 1375 δυσελπιστία,
565 1299 653 1382 quod
677 1299 763 1382 apud
786 1300 911 1382 priores
933 1322 999 1366 uon
1023 1299 1164 1383 repperi,
1188 1320 1228 1365 ue
1255 1299 1342 1382 apud

274 1404 418 1471 Teletem
448 1407 576 1490 quidem
605 1407 722 1490 legitur
749 1407 809 1471 nisi
837 1429 906 1472 oum
939 1405 1130 1491 ἀνελευθερία
1160 1427 1238 1472 voce
1271 1412 1341 1472 arte

273 1514 492 1578 coniunctum:
525 1511 606 1578 ἐνίων
637 1511 657 1601 η
690 1512 882 1599 ἀνελευθερία
911 1516 962 1577 καὶ
992 1515 1177 1578 δυσελπιστία
1208 1518 1260 1596 25,
1288 1517 1338 1578 10.

274 1623 327 1702 28,
350 1625 379 1684 2.
415 1621 454 1685 cf.
478 1619 592 1706 Polyb.
614 1620 634 1684 Ι
659 1624 710 1702 71,
736 1625 755 1685 2
779 1618 808 1687 ἐν
832 1621 948 1708 μεγάλῃ
979 1622 1128 1707 δυσθυμία
1155 1624 1207 1685 καί
1235 1621 1340 1684 δυσελ-

271 1730 369 1810 πιστία
391 1726 479 1810 Ι39,
503 1730 545 1791 14
567 1731 619 1814 τήν
643 1724 755 1798 ἐντοῖς
781 1731 909 1801 πεζικαῖς
937 1727 1143 1812 στρατοπέδοις
1166 1731 1266 1792 πτοίαν
1290 1731 1341 1790 καί

271 1833 481 1898 δυσελπιστίαν.
521 1838 662 1899 ceterum
690 1833 784 1900 Teles
812 1840 950 1918 utroque
977 1834 1048 1899 loco
1076 1854 1170 1899 voces
1194 1834 1264 1899 illas
1285 1834 1339 1898 ad-

271 1937 360 2005 hibet
383 1960 448 2005 non
471 1940 537 2004 sine
560 1941 817 2025 prosopopoeiae
840 1941 959 2025 vigore.

339 2047 498 2132 δυστροπία
520 2047 618 2114 semel
640 2046 758 2131 legitur
780 2051 809 2130 5,
823 2053 857 2112 9:
882 2052 934 2135 τήν
958 2045 1067 2113 ἑαυτῶν
1092 2048 1266 2131 δυστροπίαν
1289 2049 1340 2110 καί

271 2154 511 2240 κακοδαιμονίαν.
536 2160 623 2220 amat
640 2154 734 2220 Telos
750 2154 950 2220 substantiva
964 2176 1024 2238 per
1036 2159 1079 2218 -ία
1090 2154 1237 2220 formata.
1261 2153 1338 2235 legi-

269 2266 324 2325 tur
352 2261 514 2348 δίστροπος
540 2261 620 2326 Eur.
643 2261 744 2345 Hipp.
769 2265 810 2325 61
834 2262 1004 2328 Demosth.
1028 2262 1111 2326 Phil.
1133 2261 1252 2343 1130,
1283 2261 1340 2325 sed

271 2367 429 2454 δυστροπία
452 2390 515 2434 non
538 2369 663 2434 videtur
678 2390 845 2434 recurrere
868 2370 929 2434 uisi
948 2370 1039 2452 apud
1062 2369 1225 2452 sequiorea
1243 2367 1337 2454 (Poll.

271 2473 325 2538 Π1
352 2478 413 2539 132
430 2474 462 2544 V
482 2478 542 2538 119
566 2474 708 2560 Hesych.
726 2497 751 2543 s.
768 2477 983 2563 σχετλιασμοί).

338 2578 491 2666 εἰκόσορος
519 2579 620 2648 ‘navis
650 2583 762 2666 viginti
789 2584 884 2649 remis
907 2579 1077 2648 instructa’
1106 2582 1223 2666 legitur
1249 2586 1298 2662 19,
1320 2586 1336 2644 7

267 2687 303 2751 in
325 2687 398 2754 loco
422 2689 558 2755 Bioneo.
589 2694 700 2754 notum
725 2695 774 2754 est
796 2689 1006 2756 Homericum
1031 2713 1040 2753 ι
1064 2694 1127 2754 322
1152 2692 1222 2776 νηὸς
1246 2686 1338 2752 ἐεικο-

270 2798 378 2879 σόροιο.
410 2795 512 2861 utitur
528 2796 589 2861 hac
611 2817 690 2861 voce
707 2797 802 2861 etiam
820 2796 1026 2862 Nicostratus
1051 2797 1191 2862 comicus
1214 2794 1336 2859 Athen.

269 2899 327 2964 XI
349 2923 380 2984 p.
398 2902 497 2967 4741>
521 2902 618 2989 (com.
635 2902 691 2968 III
712 2925 744 2987 p.
762 2908 826 2967 282
850 2903 977 2990 Mela).

337 3005 458 3096 ἐπαίτης
487 3007 677 3075 ‘mendicus’
708 3013 801 3092 9,13
832 3008 938 3098 ἄπυροι
966 3014 1113 3096 γενόμενοι
1142 3011 1194 3073 καί
1223 3006 1337 3073 ἐπαῖται

267 3114 403 3181 labentis
419 3121 469 3182 est
484 3117 680 3200 graecitatis,
700 3116 788 3181 Plut.
805 3117 911 3201 Epict.
929 3115 1034 3182 Cassii
1048 3116 1175 3198 Dionis,
1192 3115 1234 3180 cf.
1252 3137 1333 3199 quae

270 3221 434 3289 adnotavit
449 3224 562 3290 Hense
581 3224 602 3291 1.
620 3245 647 3288 c.
681 3224 723 3289 ad
738 3223 942 3290 Theodorum
964 3225 1210 3308 epitomatorem
1225 3245 1336 3288 vocem

269 3331 394 3396 rettulit
416 3331 517 3397 Diale.

337 3435 460 3526 ἐπιβολη
485 3440 594 3520 31,11
620 3435 779 3524 ἐπιθυμίας
801 3442 853 3502 καί
875 3436 1015 3523 ἐπιβολὰς
1038 3440 1182 3503 τοσουτιυν
1204 3442 1256 3502 καί
1278 3460 1337 3502 τοι-

269 3547 360 3610 ουτων
389 3545 466 3632 ἐχει;
495 3547 578 3610 sicut
606 3545 692 3628 apud
714 3545 829 3630 Polyb.
851 3546 869 3609 Ι
895 3549 925 3627 3,
950 3550 968 3609 6
998 3549 1071 3629 πρὸς
1094 3549 1145 3632 τήν
1175 3556 1230 3610 τῶν
1260 3543 1336 3610 ὅλων

269 3649 407 3739 ἐπιβολήν
432 3658 464 3718 et
492 3653 578 3736 apud
594 3653 817 3734 posteriores,
831 3673 902 3717 cum
927 3653 1013 3736 apud
1035 3651 1255 3736 Thucydidem
1275 3649 1337 3715 ἐπι-

269 3759 344 3847 βολή
360 3758 515 3841 siguificet
538 3757 677 3824 ‘initium
692 3761 739 3824 rei
756 3755 908 3842 agendae
924 3763 976 3846 τήν
992 3756 1130 3846 ἐπιβολήν
1146 3755 1336 3846 ἐκρροντίζιον

269 3864 324 3928 ΠΙ
347 3868 400 3946 45,
419 3869 456 3949 5,
484 3867 573 3949 quod
599 3867 633 3929 in
661 3863 815 3955 ἐπιβουλήν
846 3886 865 3930 a
888 3863 1044 3930 Olasseno
1072 3865 1193 3930 frustra
1219 3866 1337 3930 mutari

269 3977 357 4038 recte
380 3978 490 4038 mouet
513 3971 615 4040 Stahl.

335 4076 512 4169 εὐκλήρημα
538 4083 588 4164 18,
605 4084 661 4162 15;
685 4079 724 4144 cf.
741 4078 884 4145 Antiatt.
900 4078 1041 4144 Bekkeri
1064 4101 1095 4162 p.
1115 4082 1166 4162 75,
1181 4083 1221 4143 27
1240 4077 1338 4166 ἀκλη-

269 4190 346 4269 ρίανι
375 4183 552 4275 Ἀντιφάνης
581 4183 730 4255 Ἀδώνιδι.
778 4184 794 4250 δ
826 4183 916 4256 αὐτὸς
946 4183 1124 4274 εὐκλήρημα
1156 4185 1216 4272 (sic
1248 4192 1337 4250 recte

269 4293 498 4377 Koppiersius,
528 4293 708 4382 εὐκλήρυμα
739 4293 826 4379 cod.)
856 4291 918 4356 ἀντί
947 4301 996 4356 του
1021 4295 1214 4379 κατόρθωμα.
1249 4292 1337 4375 quod

1122 4415 1158 4470 4·
