3388 5236
773 541 969 599 ‚g-

337 717 441 790 ζονται,
466 713 514 776 διὰ
538 713 570 776 δὲ
593 713 717 777 πλοῦτον
740 715 776 776 τὰ
799 707 912 777 ἐναντία
936 716 1058 795 34,11.
1105 735 1171 778 non
1202 713 1323 779 alienus
1355 720 1404 779 est

338 821 391 885 hio
419 819 545 885 dicendi
571 839 647 883 usus
670 817 711 883 ab
734 815 868 900 Atticis,
895 817 934 884 of.
959 817 1116 882 Kuebn.²
1138 819 1176 883 H
1205 843 1236 903 p.
1255 824 1297 886 60
1329 820 1402 886 adn.

404 926 444 992 ab
473 925 646 991 adversarii
674 945 768 1008 quem
791 922 975 1007 adloquitur
998 945 1133 1007 persona
1156 926 1296 992 secunda
1318 927 1403 992 inex-

338 1038 485 1117 spectato
516 1032 631 1097 transit
662 1032 802 1114 scriptor
831 1031 872 1096 ad
904 1032 1031 1096 tertiam
1061 1032 1185 1097 numeri
1211 1033 1344 1117 pluralis
1371 1035 1404 1098 in

337 1141 403 1205 his:
434 1139 550 1204 οἴει...
573 1135 646 1222 ὁρᾷς
672 1140 760 1220 34,3
790 1138 912 1211 δείξειας
937 1140 987 1219 34,
1007 1141 1026 1204 9
1049 1134 1122 1222 ὁροζις
1148 1142 1269 1220 34,10.
1304 1143 1355 1222 35,
1373 1145 1402 1223 2,
1434 1124 1438 1130 ’

339 1252 451 1314 eontra
476 1249 547 1336 φασὶ
570 1247 602 1309 δέ
627 1250 679 1328 36,
698 1251 727 1326 8,
753 1244 792 1310 cf.
816 1245 929 1312 Hense
952 1268 983 1328 p.
999 1245 1104 1310 XIX.

404 1355 474 1419 Iam
503 1359 540 1418 ut
569 1352 615 1418 de
645 1373 808 1418 casuum
837 1374 912 1417 usu
941 1374 1005 1418 non
1028 1353 1114 1418 nulla
1136 1352 1290 1420 subiciam
1313 1359 1403 1420 nota·

339 1460 464 1540 biliora,
493 1459 746 1525 interiectionem
768 1458 792 1524 ὦ
817 1458 877 1525 sibi
900 1458 1072 1525 adsumunt
1094 1462 1278 1526 vocativi
1305 1463 1403 1528 nomi-

338 1590 415 1632 num
442 1567 705 1650 appellativorum
737 1570 1000 1650 15,11.,44,13
1025 1569 1152 1652 (omitto
1176 1573 1229 1652 22,
1245 1572 1277 1632 4.
1302 1573 1403 1652 44,1,

339 1675 394 1741 ubi
408 1679 579 1759 poetarum
594 1695 703 1740 versus
720 1672 931 1761 adferuntur),
951 1676 1153 1758 propriorum
1171 1679 1222 1757 35,
1240 1679 1290 1740 11.
1306 1679 1360 1760 48,
1374 1681 1404 1741 2.

341 1789 430 1848 caret
452 1782 675 1848 interiectione
698 1781 861 1847 vocativus
884 1783 938 1867 qni
960 1783 1077 1867 legitur
1102 1788 1131 1863 7,
1150 1788 1179 1847 3.

406 1887 682 1955 Accusativus
710 1890 879 1973 temporali
902 1890 1030 1956 notione
1053 1889 1223 1955 adhibetur
1245 1891 1277 1955 in
1301 1891 1350 1955 his
1373 1894 1404 1954 τὸ

339 2001 391 2082 μὲν
423 2000 580 2080 θέρος
605 2000 653 2062 τὸν
677 1996 709 2059 δὲ
732 2008 864 2083 χειμῶνα
895 2001 996 2080 31,1,
1020 1997 1078 2063 sed
1107 1999 1230 2063 variata
1258 1999 1405 2064 oratione

340 2104 385 2168 sio
415 2106 462 2168 τὸν
489 2107 541 2189 μὲν
573 2114 788 2189 χειμῶνα...
812 2107 921 2188 θέρους
951 2104 983 2167 δέ
1015 2109 1045 2187 5,
1061 2107 1100 2188 43
1132 2104 1172 2169 de
1201 2126 1265 2188 quo
1290 2127 1406 2188 genere

339 2211 422 2275 inira
444 2210 565 2294 aliquid
587 2210 780 2276 monebitur.
804 2231 934 2276 numero
951 2210 1062 2277 addito
1078 2211 1195 2295 legitur
1210 2215 1264 2296 47,
1280 2215 1302 2276 4
1329 2209 1406 2276 Οὐδὲ

340 2322 396 2402 γὰρ
419 2316 455 2405 ἠν
478 2321 631 2403 μυριοστὸν
654 2317 728 2399 ἔτος,
752 2317 791 2386 cf.
815 2317 939 2401 Krueg.
964 2321 1017 2399 46,
1037 2322 1066 2401 3,
1088 2323 1115 2383 1.

409 2422 556 2489 absolute
579 2423 716 2507 (Krueg.
738 2426 792 2507 46,
811 2427 840 2505 3,
859 2423 894 2510 2)
921 2429 1085 2507 ponuntur
1107 2425 1280 2490 accusativi
1307 2430 1357 2505 16,
1375 2430 1406 2489 6.

344 2533 384 2594 14
407 2534 439 2594 τὸ
463 2530 623 2595 τελευταῖον
641 2535 728 2613 22,1
753 2535 805 2618 τὴν
826 2529 934 2617 ἀρχήν,
958 2530 1015 2596 sed
1029 2531 1101 2596 vide
1123 2531 1206 2596 infra
1221 2555 1253 2617 p.
1273 2537 1323 2596 19.
1347 2554 1406 2597 neo

340 2637 562 2704 insolentiores
579 2645 653 2703 sunt
672 2637 764 2702 huius
780 2637 868 2704 modi
883 2636 1039 2704 formulae
1055 2638 1198 2704 dicendi:
1222 2643 1247 2702 τί
1268 2639 1405 2722 (Krneg.

341 2750 395 2829 46,
413 2751 443 2827 3,
459 2747 493 2831 4)
516 2741 591 2810 ‘cur'
607 2748 639 2828 4,
654 2750 683 2810 3.
707 2748 738 2810 4.
760 2750 776 2808 7
801 2745 873 2831 (sed
893 2746 982 2809 διὰτί
998 2750 1028 2826 2,
1044 2748 1076 2830 7)
1100 2751 1205 2830 τρόπον
1220 2751 1282 2812 τινά
1298 2752 1350 2830 30,
1367 2751 1405 2811 13

341 2853 372 2918 ὃν
395 2857 499 2936 τρόπον
522 2856 554 2936 4,
574 2857 590 2916 1
615 2851 655 2918 al.
701 2862 810 2936 προῖκα
835 2856 864 2936 5,
881 2854 902 2915 4
918 2851 1058 2939 (Krueg.
1074 2855 1129 2935 46,
1147 2857 1177 2935 3,
1195 2856 1237 2938 5).

408 2960 606 3026 aecusativus
637 2960 692 3043 qui
722 2958 839 3025 dieitur
866 2960 1030 3026 relationis
1058 2961 1161 3026 rarius
1189 2961 1348 3025 invenitur
1375 2960 1406 3025 in

342 3066 490 3149 Teleteis,
514 3067 572 3132 sed
593 3067 712 3150 legitur
736 3072 788 3150 23,
806 3073 825 3131 9
850 3065 876 3131 οἱ
898 3069 1132 3153 παραλελυμένοι
1154 3071 1207 3140 τὰς
1229 3078 1342 3154 χεῖρας.

407 3171 512 3256 figura
536 3195 631 3256 quam
655 3173 896 3259 etymologicam
927 3180 1043 3240 vocant
1074 3175 1273 3258 grammatici
1303 3179 1407 3240 exstat

344 3283 454 3362 39,13
486 3291 549 3351 πῶς
578 3276 736 3365 εὐδαίμονά
766 3303 809 3352 τις
837 3284 897 3365 βίον
924 3279 1004 3344 ’ἐσται
1031 3285 1194 3366 βεβιωκώς,
1228 3281 1408 3364 exemplum

342 3387 435 3452 huius
459 3387 559 3451 simile
582 3386 700 3470 legitur
724 3391 812 3469 39,9
842 3384 951 3451 ἐκεῖνον
974 3391 1022 3453 τὸν
1044 3392 1105 3473 βίον
1129 3387 1159 3452 ὃν
1183 3385 1293 3472 ἐβίωσε.
1340 3389 1407 3472 qui-

341 3494 401 3560 bus
432 3493 514 3559 adde
543 3493 626 3561 hano
659 3492 786 3559 dicendi
814 3493 945 3560 formam
977 3492 1027 3568 ὀξὺ
1050 3493 1121 3579 ὁρᾶν
1144 3498 1195 3559 ναὶ
1217 3492 1268 3569 ὀξὺ
1292 3494 1408 3560 &roban

345 3605 395 3682 15,
414 3605 432 3664 3
450 3600 589 3687 (Krueg.
606 3605 659 3679 46,
679 3604 709 3683 5,
727 3601 773 3688 6).
812 3601 949 3667 nominis
966 3601 1155 3668 substantivi
1170 3624 1285 3667 munus
1302 3603 1407 3686 explet

342 3708 532 3774 adiectivum
555 3708 773 3792 pronominale
797 3707 933 3792 (Krueg.
954 3712 1007 3790 46,
1026 3712 1055 3791 5,
1073 3711 1106 3794 9)
1134 3705 1222 3774 οὐθὲν
1251 3709 1408 3795 δυσχεραί-

341 3837 396 3880 νων
422 3818 474 3897 11,
492 3818 520 3878 3.

409 3920 539 3987 verbnm
563 3918 686 3986 ἐπαινεῖν
709 3943 729 3986 a
749 3920 860 3986 Telete
880 3920 997 4004 ubique
1019 3942 1090 3985 oum
1111 3921 1292 3988 accusativo
1308 3923 1407 4006 iungi,

342 4049 500 4111 nusquam
523 4049 595 4093 oum
619 4027 725 4094 dativo
749 4029 801 4092 vix
821 4034 871 4094 est
892 4049 949 4092 eur
968 4049 1125 4094 moneam.
1161 4026 1199 4091 of.
1217 4028 1406 4094 Meisterb.²

343 4158 374 4218 p.
394 4139 467 4200 172.

409 4241 539 4308 verbum
564 4240 650 4324 quod
674 4241 704 4306 in
728 4243 828 4306 -εὑω
853 4242 1041 4307 terminatur
1055 4242 1219 4306 transitive
1235 4247 1408 4326 usurpatur

537 4726 1273 5164 Im
