3398 5230
762 538 983 599 ..70-

339 733 436 800 sitin
460 731 572 798 eodem
601 730 830 796 sententiarum
859 749 982 794 conexu
1011 731 1122 810 38,10
1146 724 1179 790 εἰ
1207 722 1233 789 δ’
1247 712 1419 814 ἐνιπὲφεογι

339 843 390 927 τὴν
413 843 529 928 τιτθήν,
559 840 708 924 παρέλαβε
735 839 822 904 πάλιν
845 835 862 901 ὁ
884 837 1072 919 παιδαγωγός
1094 833 1153 900 ari.
1188 833 1408 904 condicionale

339 952 446 1013 autem
469 947 532 1014 hoo
554 945 732 1012 membrum
760 945 846 1030 quod
869 945 1092 1011 Hermannum
1119 964 1184 1009 non
1210 943 1408 1027 praeteribat

340 1054 436 1120 etiam
459 1053 627 1139 prohibere
651 1075 724 1119 eum
748 1052 858 1118 debuit
882 1051 1048 1135 quominus
1068 1049 1110 1116 ad
1125 1049 1407 1134 interrogatorium

340 1160 466 1226 dicendi
493 1181 592 1244 genus
620 1158 845 1242 interpretatio
875 1155 1045 1240 refugeret.
1079 1155 1178 1240 plane
1201 1155 1264 1221 hue
1287 1154 1408 1221 faciunt

338 1264 579 1332 Anaxandridis
597 1287 712 1336 ,versus
734 1266 797 1331 ino.
813 1263 877 1330 fab.
893 1263 933 1328 fr.
954 1267 970 1327 1
996 1284 1077 1329 eom.
1094 1262 1150 1327 III
1173 1285 1204 1346 p.
1225 1265 1287 1325 195
1307 1261 1405 1328 Mein.

339 1394 420 1458 quos
432 1371 537 1440 adfert
549 1372 672 1456 Krueg.
687 1377 739 1454 59,
757 1376 785 1454 1,
799 1376 831 1440 9.
854 1371 951 1436 immo
964 1370 1051 1454 quod
1065 1369 1129 1434 dixi
1142 1369 1255 1435 eximia
1267 1369 1406 1453 quadam

342 1479 497 1547 brevitate
514 1484 546 1546 et
559 1479 763 1564 simplicitate
776 1478 839 1544 duo
853 1477 1021 1544 enuntiata
1032 1477 1134 1543 vicina
1146 1475 1311 1558 collocari,
1325 1497 1407 1559 quae

339 1588 366 1652 si
382 1586 569 1670 explicatius
587 1587 693 1652 dicere
713 1585 865 1652 voluisset
887 1584 1025 1667 scriptor
1041 1585 1137 1650 etiam
1156 1583 1264 1666 logico
1280 1581 1407 1647 vinculo

339 1698 509 1760 conectere
526 1692 645 1776 debuit,
673 1692 707 1758 id
731 1693 827 1758 etiam
852 1712 889 1756 eo
913 1690 1117 1756 manifestum
1141 1695 1200 1772 est,
1225 1689 1312 1772 quod
1334 1710 1407 1773 par-

338 1799 437 1866 ticula
453 1800 654 1866 adversativa
668 1798 763 1865 alteri
778 1797 921 1863 membro
945 1796 1075 1863 additur
1097 1797 1130 1862 in
1153 1796 1202 1861 his
1220 1800 1272 1878 38,
1289 1801 1309 1860 8
1325 1806 1408 1880 πεινᾷ

338 1910 370 1971 τὸ
393 1908 515 1984 παιδίον,
540 1905 559 1994 ἡ
584 1907 617 1970 δὲ
639 1909 749 1995 τροφὸς
770 1903 982 1992 οιατανιοιμίζει·
1013 1905 1092 1991 διψᾷ,
1121 1901 1141 1991 ἡ
1166 1904 1199 1966 δὲ
1221 1903 1313 1966 λοίιει·
1343 1925 1407 1967 aot-

338 2015 474 2102 μηθῆνοιι
493 2014 586 2091 θέλει,
611 2011 681 2101 ἡδὲ
696 2013 841 2098 κρόταλον
859 2012 972 2099 ἔχοντα
987 2016 1085 2100 ψοφεῖ,
1120 2015 1274 2093 quantum
1298 2014 1406 2075 autem

338 2121 454 2205 vigoris
471 2120 695 2204 compositioni
711 2118 850 2184 addatur
865 2119 926 2184 hac
943 2117 1083 2204 syntaxis
1105 2116 1319 2200 simplicitate,
1344 2137 1408 2199 qua

339 2231 469 2309 praeter
503 2227 645 2292 comicos
683 2225 874 2309 praesertim
913 2228 1029 2308 poetas
1067 2225 1163 2290 etiam
1200 2222 1406 2288 diatribamm

340 2338 490 2399 auctores
506 2332 624 2399 saeculi
641 2333 748 2416 quarti
763 2332 913 2415 tertiique
934 2332 983 2396 usi
998 2335 1083 2414 sunt,
1107 2351 1201 2396 nemo
1218 2351 1282 2396 non
1298 2330 1405 2396 sentit.

342 2461 494 2520 enumero
519 2439 664 2523 exempla
687 2439 821 2506 Teletea
848 2439 972 2504 omissis
1000 2439 1045 2504 eis
1069 2459 1151 2521 quae
1183 2437 1216 2502 in
1247 2436 1406 2520 prioribus

341 2552 591 2613 commemorata
607 2551 694 2611 sunt:
713 2551 744 2628 6,
761 2549 800 2610 12
814 2565 883 2628 sqq.
902 2549 933 2627 7,
948 2549 966 2608 3
979 2565 1048 2628 sqq.
1068 2548 1120 2628 10,
1141 2547 1169 2609 1.
1188 2547 1240 2628 32,
1253 2548 1284 2609 2.
1303 2547 1405 2627 bsqq.

341 2657 394 2736 aa,
414 2656 602 2736 12-3o,a.
628 2657 680 2735 39,
706 2656 826 2717 c-io.

406 2759 667 2843 aparatactieae
691 2758 932 2842 compositionis
956 2758 1109 2841 exemplis
1135 2757 1229 2824 facile
1252 2756 1406 2822 transitur

339 2865 381 2932 ad
403 2858 628 2952 asyndeton.
663 2866 750 2950 quod
774 2887 846 2931 cum
869 2865 960 2932 valde
981 2865 1140 2949 placuisse
1162 2864 1286 2930 videam
1301 2862 1408 2929 Teleti

339 2975 436 3040 ctiam
460 2978 551 3040 extra
583 2974 669 3039 illam
693 2974 968 3057 compositionem,
1001 2973 1124 3056 aliquot
1157 2971 1308 3056 exemplis
1336 2970 1406 3036 illu-

339 3081 460 3148 strabo.
497 3083 662 3148 enuntiata
692 3082 790 3165 igitur
816 3080 903 3146 haud
929 3101 1003 3146 raro
1031 3101 1100 3146 sese
1130 3079 1292 3163 excipiunt
1319 3076 1406 3142 ἀοον-

339 3190 431 3262 δὲτως
453 3193 553 3271 utque
580 3187 757 3271 particulae
789 3186 997 3271 explieativae
1021 3191 1078 3251 aut
1101 3184 1320 3252 adversativae
1350 3188 1406 3249 aut

339 3296 561 3362 consecutivae
576 3316 642 3359 non
661 3294 831 3360 addantur.
866 3293 999 3359 velutin
1016 3292 1167 3378 exemplis
1184 3290 1406 3359 enumerandis

342 3407 392 3487 15,
412 3407 451 3467 11
469 3401 674 3489 Θεμιστοκλῆς
689 3399 798 3474 ἐκεῖνος
813 3399 850 3466 ‘dr
866 3399 932 3465 παῖ’
947 3405 1034 3489 φησίν
1049 3397 1108 3464 ari.
1124 3399 1199 3466 ibid.
1220 3404 1259 3464 19
1278 3397 1407 3469 Λυκῖνος

338 3508 449 3582 ἐκεῖνος
471 3506 506 3574 ον’)
528 3506 598 3594 παρ’
621 3507 691 3598 ἡμῖν
713 3506 774 3574 ιιτὲ.
812 3512 899 3592 16,2
923 3505 1105 3594 Ἱππομέδων
1128 3505 1144 3572 ὁ
1167 3505 1407 3594 Λακεδαιμόνιος

338 3615 400 3683 ιιτὲ.
435 3617 579 3682 similiter
602 3613 657 3682 οδιι
679 3616 781 3705 ἀηδῶς
803 3616 949 3704 Φιλήμων
971 3619 1084 3699 17,14
1106 3617 1209 3690 καλῶς
1232 3619 1264 3680 τὸ
1286 3623 1337 3679 τοῦ
1352 3636 1406 3679 νιο-

338 3728 475 3814 βερνήτου
499 3727 554 3807 48,
571 3729 602 3808 2,
634 3745 706 3790 oum
729 3723 812 3790 infra
833 3724 960 3807 legatur
989 3719 1044 3787 oda
1071 3722 1174 3812 ἀηδῶς
1201 3727 1257 3810 γὰρ
1279 3721 1407 3809 Κράτης

341 3837 393 3915 33,
410 3837 429 3897 2
447 3832 496 3898 vel
519 3829 553 3896 ob
568 3843 673 3905 κακῶς
696 3829 745 3897 οὖν
769 3829 837 3895 οδδὲ
853 3828 1013 3920 Σοφοκλῆς
1035 3835 1087 3913 36,
1107 3835 1125 3894 3
1141 3831 1266 3914 aliaque
1282 3830 1404 3895 similia.

338 3945 427 4005 reete
449 3939 547 4022 igitur
576 3951 616 4024 τῷ
646 3937 703 4004 ὄντι
731 3943 807 4026 μέγα
836 3940 887 4001 καὶ
911 3936 1063 4019 ἀξιόλογον
1086 3941 1176 4021 33,7
1201 3937 1274 4003 libri
1297 3935 1405 4020 SMA,

339 4057 379 4131 τῷ
403 4043 461 4111 ὄντι
483 4050 539 4130 γὰρ
559 4045 642 4112 male
665 4045 721 4110 Tr.
745 4045 823 4110 item
846 4044 1079 4110 adversativum
1102 4043 1280 4129 asyndeton
1303 4065 1405 4110 asser-

338 4159 446 4219 vatum
471 4158 519 4220 est
542 4156 655 4235 20,10
678 4151 910 4239 Λακεδαιμόνιοι
942 4146 1026 4216 οὐδὲν
1057 4161 1113 4216 τῶν
1136 4153 1270 4216 τοιοίντων
1293 4149 1406 4225 ὄνειδος

339 4258 476 4350 ἡγοῦνται
502 4259 591 4325 libris
615 4257 712 4324 SMA
722 4259 742 4341 1,
771 4259 802 4321 δὲ
831 4279 929 4342 prave
957 4256 1133 4323 adduam,
1163 4257 1232 4344 pn,
1254 4257 1328 4323 inde
1351 4255 1405 4321 A²

507 4803 709 5180 nl
955 4716 1351 5180 ln
