3388 5236
783 583 980 643 -.1-

347 775 470 858 biliora,
488 786 633 854 τοσοῦτον,
648 799 713 844 non
729 785 860 853 roncore,
875 776 994 858 legitur
1009 779 1059 859 16,
1074 781 1103 859 7,
1120 775 1146 839 si
1162 796 1237 840 vera
1252 780 1301 840 ost
1315 774 1413 840 lectio

348 884 467 950 codicis
490 883 531 968 L,
554 906 649 969 quam
672 885 834 951 revocavit
848 883 971 948 Hense.
1005 883 1082 948 item
1105 891 1242 959 τοιοῦτον,
1265 904 1331 947 non
1353 904 1413 946 ποι-

347 1001 415 1056 οῖιπο
432 995 462 1075 5,
476 995 506 1056 5.
539 992 579 1058 de
599 993 765 1076 utriusque
793 990 898 1057 forma
921 989 1118 1074 pronominis
1138 988 1179 1054 cf.
1196 988 1413 1055 Meisterhans

345 1121 486 1181 pronum.
510 1103 571 1165 der
594 1103 658 1165 Ate.
683 1100 826 1165 ιἰιποΙιν.Β
854 1121 886 1183 p.
917 1103 992 1181 122,
1009 1104 1040 1162 8.
1086 1095 1154 1162 dcco
1182 1097 1281 1163 semel
1308 1102 1413 1162 exstat

347 1207 379 1271 iu
402 1206 541 1272 formula
563 1204 621 1278 ἕως
638 1204 705 1270 ὅποι
730 1211 782 1288 27,
796 1211 827 1289 6,
851 1227 1006 1289 nusquam
1022 1202 1142 1282 οὗτινος,
1166 1203 1207 1269 cf.
1223 1203 1414 1270 Μοίοῐοιδ.2

347 1334 379 1396 p.
400 1317 538 1394 123,13.
571 1319 739 1397 praeterea
760 1313 911 1397 leguntur
933 1310 1012 1385 ὅστις
1031 1309 1095 1398 ἥτις
1113 1309 1157 1376 δτι
1179 1311 1222 1398 (v.
1238 1311 1304 1376 ind.
1320 1312 1412 1396 voc).

415 1421 512 1487 semel
535 1420 653 1505 legitur
675 1417 751 1493 οἵοςτ
775 1424 838 1504 5,6
862 1429 988 1484 τοιοῦτον
1011 1416 1235 1507 οἰκτμηριον...
1255 1416 1314 1484 οἷον
1339 1415 1414 1504 (οἷος

348 1529 387 1595 ci.
406 1527 521 1595 Sitzler
535 1530 556 1594 l.
573 1530 627 1616 c),
650 1550 714 1595 non
730 1526 839 1600 ὁποῖος.
877 1528 926 1594 bis
942 1525 1051 1600 ὁπόσος
1066 1530 1098 1611 4,
1118 1532 1169 1593 10.
1192 1533 1243 1611 37,
1263 1533 1292 1611 7,
1316 1529 1412 1594 semel

347 1633 418 1708 ὅσος
444 1640 530 1720 1,13
557 1634 603 1700 ἐπὶ
625 1648 680 1700 τῶν
703 1635 802 1700 ἄλλων
819 1635 951 1716 ductor,
968 1633 1041 1699 ὅσοι.
1052 1685 1059 1698 .
1070 1659 1096 1711 .;
1120 1633 1160 1700 cf.
1181 1634 1221 1699 de
1236 1635 1286 1700 bis
1301 1635 1413 1701 formis

347 1741 536 1809 Μοίιῒοιδ.2
557 1765 591 1827 p.
618 1748 761 1824 196,16.

415 1850 571 1917 indefiniti
594 1851 791 1934 pronominis
812 1849 936 1916 formae
958 1859 1008 1913 τοῦ
1031 1855 1064 1915 et
1087 1860 1127 1934 τῷ
1150 1849 1227 1934 (pro
1244 1852 1328 1924 τινός,
1344 1848 1412 1932 τινί)

349 1979 412 2024 non
436 1964 572 2043 exstant,
597 1959 636 2025 cf.
661 1957 850 2024 Meisterb.²
872 1979 905 2041 p.
931 1959 1075 2040 123,14.

416 2066 560 2133 Transeo
584 2065 624 2132 ad
655 2065 759 2132 verbi
786 2065 904 2131 formas
928 2064 1049 2148 aliquot
1072 2063 1254 2129 autminus
1278 2063 1413 2128 usitatas

350 2178 407 2239 aut
430 2173 492 2240 alio
516 2175 644 2241 nomine
667 2173 899 2240 memorabiles.

417 2278 625 2367 ἐπιμελόμενος
649 2280 767 2347 habent
789 2279 860 2346 libri
883 2283 985 2362 46,1,
1008 2300 1073 2344 non
1095 2275 1330 2364 ἐπιμελοὺμενος.

418 2389 487 2475 διψᾷ
512 2393 542 2472 5,
557 2393 587 2456 3.
605 2393 687 2470 38,9
705 2395 738 2454 et
753 2399 836 2471 πεινοζι
860 2390 890 2469 5,
904 2392 935 2453 2.
953 2389 1005 2465 38,
1019 2392 1049 2453 8.
1085 2386 1202 2469 legitur
1225 2385 1295 2471 διψᾷ
1318 2383 1414 2449 etiam

352 2494 505 2561 Ps.·Plat.
520 2494 657 2562 Axioch.
676 2518 706 2579 p.
722 2500 784 2560 366
798 2493 841 2562 Α.
859 2493 1042 2560 Axiochum
1058 2492 1186 2559 saeculo
1203 2492 1300 2557 tertio
1317 2491 1414 2574 scrip-

350 2606 417 2666 tum
436 2622 506 2667 esse
521 2601 617 2668 hodie
634 2601 701 2668 fere
725 2602 937 2683 consentiunt,
961 2605 1103 2666 ceterum
1119 2597 1158 2665 cf.
1176 2598 1294 2667 Veitch
1311 2601 1415 2680 preelr

351 2713 447 2774 cerba
471 2714 641 2791 irreqular
664 2713 733 2775 οιιιί
754 2709 939 2789 defectae*
963 2705 1040 2792 (Ox.
1064 2728 1092 2772 a.
1118 2705 1217 2792 1887)
1240 2728 1273 2790 p.
1297 2708 1360 2770 194
1383 2709 1415 2770 et

353 2820 426 2899 518,
451 2820 619 2900 praeterea
642 2837 723 2899 quae
739 2815 851 2881 Hense
875 2814 952 2879 dicit
973 2835 1005 2897 p.
1022 2813 1116 2878 XXI
1137 2814 1233 2880 etiam
1257 2811 1298 2878 de
1319 2822 1415 2898 χρᾱο·

351 2926 406 2988 δοιι
429 2929 461 2989 et
484 2927 620 3011 χρῆσθαι
642 2922 762 2990 formio.

417 3032 450 3097 in
474 3032 624 3115 exemplis
652 3032 700 3096 his
728 3029 897 3118 εὐαρεοποὶη
927 3033 1018 3113 43,3
1047 3035 1080 3094 ο1
1103 3027 1273 3116 ἀποδημοίη
1301 3030 1413 3108 47,17

352 3140 511 3221 optativus
542 3138 574 3203 in
598 3143 688 3226 -ἱην
715 3139 920 3220 terminatur,
949 3142 986 3202 ut
1015 3134 1206 3224 ἐπιορκο[ί]ην
1235 3134 1353 3218 legitur
1383 3135 1414 3198 in

353 3246 447 3311 titulo
463 3244 576 3311 Attico
594 3243 631 3310 O.
648 3244 677 3308 I.
694 3243 738 3310 A.
755 3245 791 3310 Π
808 3248 883 3327 578,
903 3248 943 3308 12
960 3242 1149 3310 Meisterh.2
1163 3265 1195 3327 p.
1216 3245 1289 3324 132,
1307 3247 1337 3308 8.
1363 3262 1415 3325 op-

351 3353 470 3418 tativus
486 3349 634 3417 ἐπαινὲοοιι
650 3356 681 3435 9,
700 3357 731 3434 9,
749 3350 789 3416 cs.
807 3355 927 3432 21,10,
950 3350 1007 3416 sed
1023 3351 1145 3423 δείξειας
1163 3353 1214 3431 34,
1229 3353 1247 3412 9
1271 3355 1416 3436 ποιήσειεν

351 3462 403 3541 45,
424 3463 452 3523 5.
477 3458 517 3524 de
541 3458 655 3542 quibus
679 3459 749 3524 vide
773 3479 854 3542 quae
878 3458 959 3523 dixit
983 3457 1087 3523 editor
1108 3480 1139 3541 p.
1157 3456 1259 3522 XXI.

418 3565 639 3650 imperfectum
668 3572 794 3650 tempus
825 3566 891 3631 sine
921 3572 1094 3650 augmento
1118 3563 1192 3629 ὤθει
1217 3567 1282 3647 7,1
1308 3585 1416 3628 rarum

352 3674 437 3757 apud
462 3673 607 3755 Atticos;
639 3674 783 3756 exempla
811 3672 937 3757 collegit
961 3672 1104 3741 Veitcb4
1132 3695 1162 3755 p.
1184 3676 1257 3737 714.
1303 3672 1416 3753 imper·

351 3782 469 3849 fectum
497 3782 584 3848 verbi
611 3784 754 3847 παδεὺδω
782 3783 900 3866 ubique
927 3782 1082 3866 praebent
1104 3781 1177 3846 libri
1201 3778 1356 3860 ἐκάθευδε,
1381 3771 1417 3843 ut

351 3890 439 3956 verbi
461 3893 602 3977 κάθημαι
629 3889 745 3973 ubique
773 3888 910 3956 formam
938 3887 1083 3976 ὲιάδητο,
1116 3888 1179 3953 vid.
1201 3887 1267 3952 ind.
1291 3907 1360 3952 voc.
1385 3892 1416 3951 et
1520 3881 1525 3892 ’

352 3995 471 4062 ἐδὺνοιτο
496 3996 548 4083 (ut
570 3994 692 4081 ἐβοὺλοο
709 4002 741 4061 et
765 3994 912 4081 ἐβοδλετο)
935 3995 1051 4080 legitur
1075 4002 1107 4061 et
1123 3993 1259 4082 ἠδδνατο.
1292 4015 1331 4059 ex
1352 3993 1416 4077 epi·

351 4110 459 4170 tornae
483 4104 607 4170 ratione
630 4103 713 4168 hanc
737 4103 981 4188 discrepantiam
1005 4103 1134 4186 repetiit
1157 4101 1262 4167 editor
1283 4101 1304 4165 l.
1322 4122 1349 4165 c.

418 4212 567 4277 notabilis
598 4219 647 4277 est
675 4211 780 4276 forma
809 4210 999 4275 ἀπελεδοεποιι
1035 4214 1092 4291 29,
1115 4215 1151 4292 8,
1185 4214 1298 4292 utpote
1335 4229 1416 4291 quae

352 4318 456 4383 aliena
479 4319 520 4384 sit
542 4340 561 4383 a
585 4339 698 4400 prosae
723 4318 878 4384 orationis
902 4316 1110 4400 scriptoribus
1135 4314 1264 4396 Atticis,
1297 4315 1373 4380 item
1397 4335 1417 4379 a
