3398 5230
786 556 1005 618 ..40-

363 745 594 813 adversativam
618 750 730 830 32,16
753 749 835 832 παρὰ
857 749 889 810 τὸ
912 756 1062 833 προσῆκον
1086 745 1224 833 (Krueg.
1243 751 1295 830 68,
1314 750 1365 827 36,
1385 747 1428 832 7).

367 859 604 938 componuntur
625 852 781 920 vocabula
795 875 853 938 per
868 857 950 937 παρά
965 853 1235 937 praepositionem
1258 852 1430 918 admodum

363 959 557 1043 frequenter.

430 1071 505 1152 πρός
527 1088 600 1131 cum
624 1065 770 1150 genetivo
788 1065 814 1132 si
829 1087 904 1132 vera
920 1071 1005 1131 essct
1020 1065 1128 1149 lectio,
1152 1067 1250 1132 semel
1267 1065 1429 1150 legeretur
1533 1119 1536 1126 .

364 1174 410 1239 sic
434 1178 547 1239 contra
568 1194 662 1239 usum
677 1172 866 1239 Atticorum
880 1172 1038 1258 pedestris
1062 1173 1218 1239 orationis
1234 1174 1429 1258 scriptorum

364 1279 502 1366 (Krueg.
516 1283 569 1363 52,
583 1283 613 1364 5,
627 1281 660 1366 2)
684 1281 736 1362 25,
753 1283 792 1345 13
810 1277 860 1345 ἐὰν
876 1284 928 1367 μὲν
943 1282 1019 1364 πρὸς
1034 1277 1138 1364 ἑτέρων
1153 1281 1267 1368 νληθῄ.
1291 1286 1325 1346 51
1340 1286 1428 1346 recte

363 1387 478 1471 procul
502 1386 598 1453 dubio
621 1408 722 1471 nuper
744 1388 914 1471 proposuit
937 1387 1049 1454 Hense
1077 1384 1127 1453 ἐὰν
1155 1391 1206 1474 μὲν
1236 1391 1310 1473 πρὸς
1331 1385 1429 1474 ἕτερον

363 1495 468 1582 utnon
497 1515 577 1564 mus.
612 1494 716 1560 Rhen.
741 1493 842 1564 XLV
863 1517 895 1579 p.
920 1498 994 1561 552.
1028 1494 1112 1560 idem
1140 1494 1223 1560 hanc
1250 1494 1327 1560 mihi
1355 1516 1428 1580 sup-

362 1601 489 1686 peditat
505 1599 773 1668 observationem:
797 1598 931 1667 ‘iurandi
946 1601 1102 1668 formulae
1119 1602 1206 1687 (πρὸς
1224 1604 1313 1679 θεῶν,
1335 1602 1427 1687 sim),

363 1728 556 1793 quamquam
578 1709 678 1774 multa
698 1708 811 1776 harum
833 1714 902 1774 erat
927 1709 1159 1794 opportunitas,
1182 1709 1332 1794 leguntur
1355 1731 1427 1775 nus·

364 1836 469 1899 quam,
495 1815 628 1882 deorum
650 1815 699 1883 vel
722 1816 774 1883 dei
796 1838 836 1882 ne
859 1838 976 1883 nomen
992 1816 1130 1901 quidem.
1155 1817 1244 1901 quod
1257 1817 1325 1883 noli
1340 1817 1429 1882 casui

363 1921 504 1988 tribuere
526 1923 560 1988 in
584 1924 742 2007 scriptore
769 1924 824 2007 qui
845 1945 947 2008 paene
971 1929 1060 1990 totus
1083 1923 1203 2007 pendet
1225 1946 1246 1989 a
1272 1924 1428 2009 discipulo

363 2027 546 2096 Theodori.>
586 2031 680 2098 mitto
712 2031 929 2117 vulgatissima
957 2032 1203 2115 praepositionis
1233 2031 1325 2097 huius
1356 2053 1429 2098 cum

363 2137 545 2204 accusativo
575 2138 703 2204 iunctae
733 2137 878 2222 exempla
910 2138 993 2221 (vide
1023 2137 1088 2204 ind.
1111 2139 1207 2226 voa).
1254 2138 1351 2222 digna
1380 2145 1430 2205 est

363 2249 471 2310 autem
494 2265 576 2328 quae
600 2251 865 2311 commemoretur
888 2251 1050 2312 structura
1072 2246 1151 2312 haec
1176 2249 1283 2328 34,13
1307 2248 1380 2333 πρὸς
1396 2250 1429 2311 τὸ

362 2361 456 2417 πονεῖν
479 2347 499 2437 ἢ
523 2354 616 2438 ζητεῖν
639 2374 665 2414 τι
688 2348 761 2416 ἐστίν
779 2355 830 2434 35,
843 2355 865 2416 4
880 2354 955 2436 πρὸς
970 2355 1003 2416 τὸ
1019 2353 1189 2440 φιλοσοφεῖν
1204 2356 1318 2434 γίνεται.
1341 2359 1427 2419 utro-

363 2456 458 2541 bique
489 2458 626 2524 coniecit
655 2461 729 2544 πρὸς
755 2470 796 2544 τῷ
819 2458 914 2524 Β1555
937 2464 985 2524 lr't.
1012 2463 1183 2525 ceretraltl.
1210 2463 1294 2525 1890
1318 2481 1349 2523 5.
1376 2463 1428 2544 30,

362 2564 451 2648 quod
483 2585 558 2631 sane
589 2565 737 2631 usitatius
768 2572 826 2634 est.
861 2564 917 2632 sed
952 2567 1046 2632 utin
1073 2565 1207 2652 Polybio
1235 2565 1429 2633 locutionem

362 2668 434 2736 εἶναι
463 2671 512 2737 vel
540 2675 673 2754 γίνεσθαι
702 2675 774 2759 πρὸς
807 2676 840 2737 τὸ
879 2694 950 2737 cum
983 2672 1070 2738 infin.
1098 2674 1219 2757 optime
1253 2673 1428 2741 Hultschio

361 2785 536 2863 praeeunte
559 2778 698 2865 (quaest.
715 2779 828 2865 Polyb.
845 2779 864 2844 Ι
884 2803 916 2864 p.
933 2780 990 2867 20)
1007 2803 1109 2865 nuper
1125 2779 1216 2846 Stich
1230 2781 1252 2846 l.
1269 2802 1297 2847 c.
1313 2804 1345 2865 p.
1365 2785 1427 2848 160

363 2891 396 2952 et
422 2885 529 2952 Krebs
552 2884 572 2950 l.
594 2908 622 2955 ο.
638 2910 671 2971 p.
695 2890 756 2952 123
781 2909 828 2970 sq.
844 2885 1046 2953 vindicarunt
1068 2909 1088 2954 a
1111 2885 1266 2973 Scaligeri
1289 2888 1428 2955 Dindor·

362 2991 461 3077 ilique
475 2992 714 3078 mutationibus
734 2994 780 3060 sic
796 2995 866 3060 vide
882 3016 922 3060 ne
938 2996 1085 3061 cautione
1102 3016 1183 3080 opus
1200 2997 1289 3062 sitin
1304 2996 1428 3063 Telete.

363 3100 508 3167 consulto
533 3106 641 3167 autem
664 3102 862 3167 conservavit
886 3102 993 3169 editor
1008 3103 1106 3168 etiam
1128 3103 1211 3169 hanc
1233 3103 1429 3171 locutionem

365 3212 451 3293 34,2
474 3207 494 3297 ἡ
518 3213 601 3274 πενία
630 3211 738 3274 ιιωλίιει
767 3213 842 3294 πρὸς
871 3213 904 3275 τὸ
934 3213 1119 3300 φιλοσοφεῖν,
1149 3232 1220 3277 cum
1255 3211 1330 3278 abbi
1359 3213 1428 3295 ipse

363 3315 479 3382 dixerit
494 3315 589 3382 Tales
615 3320 666 3400 35,
684 3321 703 3381 3
727 3319 890 3384 ιιωλίιονται
913 3327 963 3382 τοῦ
979 3320 1134 3406 σχολάζειν
1152 3323 1203 3402 34,
1221 3324 1240 3384 9
1256 3320 1429 3406 malope-

362 3446 430 3496 νοος
445 3425 624 3514 φιλοσοφεῖν,
647 3424 686 3491 51.
703 3425 827 3509 Krueg.
845 3430 897 3510 55,
912 3430 942 3510 3,
957 3430 1008 3491 18.
1031 3428 1228 3512 praepositio
1246 3427 1428 3494 defenditur

362 3530 509 3615 analogia
531 3531 619 3598 verbi
642 3529 819 3619 ἐμποδίζειν,
844 3532 883 3598 51.
909 3533 1096 3620 [Isocrates]
1121 3535 1213 3618 epist.
1235 3539 1303 3620 4p.
1320 3537 1385 3600 415
1410 3557 1428 3601 e

362 3635 509 3724 ἐμποδιείν
532 3635 619 3704 αὑτὸν
642 3643 715 3724 πρὸς
737 3641 837 3704 πολλὰ
859 3652 914 3706 τῶν
937 3647 1123 3728 πραγμάτων.
1156 3641 1363 3709 Philodemus
1387 3643 1426 3709 de

361 3745 410 3810 ira
433 3745 494 3813 col.
510 3744 647 3830 XVIII,
673 3750 714 3811 35
739 3744 856 3831 Gomp.
876 3746 1077 3835 ἐμποδίζονται
1101 3750 1133 3814 δέ
1156 3753 1207 3814 καί
1229 3752 1302 3837 πρὸς
1323 3753 1375 3838 τὴν
1398 3746 1427 3815 ἐν

363 3851 522 3941 φιλοσοφία
544 3853 717 3941 σοναίιξησιν
740 3851 799 3918 ιιτέ.

430 3979 469 4024 ex
496 3956 542 4024 ἐπί
568 3962 816 4045 praepositionis
844 3983 916 4028 cum
943 3964 1090 4048 genetivo
1117 3965 1245 4031 iunctae
1275 3964 1427 4048 exemplis

363 4063 417 4152 (ci.
434 4065 499 4132 ind.
516 4068 601 4155 voc.)
629 4073 666 4133 ut
695 4069 830 4135 eximam
857 4091 923 4136 non
951 4071 1038 4137 nulla
1060 4071 1163 4136 minus
1186 4072 1279 4156 trita,
1302 4076 1427 4156 tempus

362 4173 522 4240 indicatur
544 4178 637 4256 47‚4
659 4171 721 4240 οὐδ’
742 4173 789 4240 ἐπί
811 4188 867 4241 τῶν
891 4176 1044 4262 Τρωικῶν,
1073 4178 1241 4245 consilium
1271 4182 1320 4262 16,
1339 4185 1357 4244 6
1382 4179 1429 4246 ἐπὶ

363 4280 470 4344 στόλοο
501 4281 674 4369 τηλικοίτοο
707 4279 900 4373 ἐξαπεστάλη.
950 4285 1038 4369 quod
1071 4286 1198 4370 saepius
1232 4285 1349 4371 legitur
1381 4285 1428 4352 ἐπί
