3388 5236
724 567 921 624 ..7-

355 755 484 838 ellipsis,
516 753 611 840 quam'
641 761 756 820 vocant
786 757 995 840 grammatici,
1026 756 1190 821 masculini
1214 759 1349 823 nominis

288 861 427 948 (Krueg.
453 865 507 945 43,
526 866 555 944 3,
573 865 607 946 2)
640 862 828 927 observatur
860 865 927 945 5,3
962 863 1032 949 &qq
1062 862 1136 928 Χῖον
1167 862 1227 950 (sc.
1251 861 1350 949 οἶνον),

285 969 426 1034 feminini
459 969 582 1052 generis
614 970 647 1033 in
678 969 726 1034 his
758 970 873 1041 πολλοῖς
906 975 963 1050 (sc.
988 970 1119 1056 πληησίς)
1149 971 1231 1058 ληψη
1263 975 1353 1051 2,14

286 1074 338 1159 (cf.
355 1075 479 1158 Krueg.
497 1079 551 1158 43,
570 1079 599 1157 a,
618 1077 659 1160 a),
684 1073 731 1139 aa
754 1076 838 1163 εινης
857 1080 908 1159 15,
927 1081 955 1156 a,
980 1076 1032 1158 aa,
1055 1073 1085 1140 ἐν
1108 1086 1144 1162 τη
1166 1073 1226 1160 aare
1252 1082 1303 1160 15,
1320 1081 1350 1159 4,

286 1183 327 1248 al.
350 1183 453 1248 rarius
477 1203 552 1247 sane
577 1187 626 1246 est
650 1182 770 1247 dictum
795 1185 908 1265 32,14
931 1179 959 1245 οἱ
981 1184 1116 1267 βασιλεῖς
1133 1179 1215 1246 αὐτοὶ
1237 1185 1352 1271 πολλῆς

285 1287 343 1375 (sc.
361 1290 428 1376 γῆς)
447 1286 635 1375 ἐπάρχοντος.
667 1288 709 1354 ad
732 1288 901 1354 articulum
923 1290 1030 1353 neutri
1053 1290 1188 1373 generis,
1213 1311 1352 1372 quocum

286 1396 449 1478 genetivus
459 1395 671 1479 coniungitur,
679 1395 742 1462 leci
751 1395 939 1479 significatio
950 1402 1056 1461 mente
1070 1401 1118 1462 est
1131 1396 1351 1464 subaudienda

289 1507 338 1581 17,
356 1506 374 1566 5
392 1500 433 1574 εἰς
456 1506 488 1566 τὸ
511 1511 562 1565 τοῦ
578 1499 742 1580 Ἐνυαλίου,
767 1502 806 1568 cf.
823 1503 947 1586 Krueg.
965 1506 1019 1586 43,
1039 1506 1067 1584 3,
1087 1509 1115 1566 7.
1148 1505 1245 1568 etiam
1260 1525 1348 1589 prae·

285 1609 420 1675 dicative
449 1616 596 1675 neutrum
625 1609 774 1676 adiectivi
802 1611 937 1676 nominis
967 1611 1014 1676 ita
1037 1610 1207 1676 adhibetur
1230 1618 1266 1676 ut
1288 1612 1350 1676 vim

284 1723 400 1800 aequet
416 1716 607 1781 substantivi
626 1721 675 1801 14,
693 1722 712 1781 6
736 1722 788 1804 τὴν
811 1721 905 1805 φοηὴν
926 1718 1069 1803 βλαβερὸν
1084 1715 1154 1782 εἶναι
1171 1723 1223 1800 20,
1240 1723 1258 1782 3
1274 1723 1350 1805 μέγα

285 1823 317 1886 δὲ
344 1826 395 1886 ναί
421 1827 566 1910 προσηνὲς
593 1828 645 1911 την
675 1824 800 1908 πατρίδα
825 1827 915 1907 34,3
945 1821 961 1887 d
990 1824 1021 1887 δὲ
1049 1824 1175 1896 πλοῦτος
1197 1821 1238 1896 εἰς
1260 1834 1350 1888 ταῦτα

283 1936 430 2018 χρήσιμον
454 1928 542 2016 (πρὸς
565 1939 655 1994 ταῦτα
678 1937 826 2018 χρήσιμος
850 1932 888 1994 ci.
912 1930 1055 2015 Iacobs),
1084 1929 1123 1998 cf.
1148 1931 1272 2014 Krueg.
1296 1934 1349 2014 43,

283 2042 315 2118 4,
336 2041 385 2100 11.
426 2037 503 2102 data
525 2037 586 2102 hac
612 2039 779 2103 occasione
800 2037 885 2104 addc
902 2059 1080 2123 pronomen
1096 2038 1138 2103 ad
1154 2038 1217 2103 duo
1235 2039 1350 2104 diversi

284 2146 409 2228 generis
432 2145 562 2210 nomina
584 2145 720 2211 relatum
742 2165 858 2228 genere
883 2144 1078 2210 concordare
1102 2167 1173 2210 cum
1197 2146 1349 2229 propiore

282 2251 315 2316 in
343 2253 391 2317 his
415 2255 527 2335 47,11
557 2264 597 2336 τῷ
625 2256 712 2316 τέκνα
739 2256 790 2315 καί
820 2253 923 2339 φίλους
953 2249 978 2316 εἰ
1006 2255 1072 2335 περί
1101 2253 1220 2323 rubraue
1247 2253 1348 2330 πλείω,

284 2358 324 2424 cf.
341 2358 465 2442 Krueg.
484 2362 536 2441 58,
555 2363 585 2442 3,
603 2363 632 2422 2.

349 2465 526 2531 Numero
549 2466 651 2530 utitur
674 2465 768 2531 Teles
792 2465 944 2548 singulari
968 2470 1000 2529 et
1024 2465 1149 2549 plurali,
1175 2464 1260 2531 duali
1283 2488 1349 2532 non

281 2575 368 2640 item.
404 2572 482 2637 dixit
511 2573 608 2656 igitur
638 2573 689 2636 δίνο
720 2571 855 2660 ἀδελφῶν
887 2572 965 2659 (nun
994 2573 1071 2637 δυοῖν
1095 2571 1247 2660 ἀδελφοῖν)
1276 2579 1347 2655 8,6

283 2681 335 2743 nuo
357 2681 480 2767 χαλκῶν
503 2679 579 2766 (bis)
603 2683 669 2762 9,3
695 2681 746 2744 δίο
770 2685 917 2764 γέροντας,
949 2681 1001 2743 δίο
1028 2685 1164 2768 πένητας,
1198 2680 1249 2743 δίιο
1278 2682 1348 2769 φεῖ)-

282 2810 385 2868 ηοντας
397 2792 428 2870 8,
441 2792 461 2851 8
474 2788 526 2850 δίο
542 2784 642 2873 ἱμάτια
657 2790 707 2868 30,
728 2790 778 2850 13.
796 2787 835 2852 cf.
853 2787 1042 2854 Μείε1οιίι.2
1056 2809 1087 2870 p.
1104 2791 1164 2851 163
1178 2786 1346 2853 Kuehner·

282 2894 376 2960 Blass
400 2895 420 2958 l.
446 2916 473 2959 c.
497 2917 528 2978 p,
548 2898 623 2958 362.

348 3001 503 3085 pluralem
526 3001 690 3067 nominum
714 3001 957 3084 abstractorum,
983 3022 1045 3083 quo
1069 2999 1211 3066 abundat
1234 3021 1282 3066 ex.
1300 3023 1346 3084 gr.

281 3110 454 3191 Isocrates,
472 3130 537 3174 non
554 3107 689 3174 defuisse
705 3107 791 3192 apud
810 3106 954 3173 'Peletem
972 3108 1149 3189 exemplum
1167 3106 1263 3173 dccet
1286 3108 1348 3173 hoc

281 3221 317 3280 τὰ
333 3216 365 3279 δὲ
381 3213 477 3303 ὀνείδη
493 3226 547 3302 της
571 3216 773 3302 δημοκρατίας
790 3219 842 3297 21,
862 3221 892 3281 8.
917 3215 998 3280 alius
1022 3215 1147 3297 generis
1171 3220 1245 3278 sunt
1268 3213 1347 3280 haec

280 3321 336 3387 ὑπὸ
364 3334 419 3389 τῶν
446 3320 526 3387 ἰδίων
555 3327 667 3406 τρόπων
693 3327 729 3403 6,
764 3328 779 3387 7
811 3328 909 3394 παίσας
939 3326 992 3393 τὰς
1021 3319 1140 3409 ἡλικίας
1165 3326 1221 3404 38,
1245 3327 1275 3386 6.
1306 3320 1346 3386 cf.

280 3429 430 3494 Κοσίιιι.ί
452 3429 489 3493 Π
511 3451 543 3511 p.
561 3433 599 3492 15
617 3450 686 3511 sqq.

347 3537 488 3602 variatur
511 3557 661 3600 numerus
684 3537 717 3599 in
740 3536 788 3600 his
816 3533 918 3621 οἱμὲν
942 3536 1075 3598 πλοίσιοι
1161 3533 1177 3598 5
1203 3535 1234 3598 δὲ
1257 3539 1347 3622 πίνης

282 3647 335 3725 35,
353 3648 382 3707 3.
421 3643 537 3726 plurali
564 3663 696 3708 numere
725 3643 855 3727 ponitur
881 3642 987 3708 neutri
1011 3642 1135 3724 generis
1157 3662 1345 3725 pronomen,

280 3772 473 3834 quamquam
503 3752 643 3834 pertinet
674 3751 715 3815 ad
746 3748 990 3834 praecedentem
1020 3771 1088 3813 rem
1118 3749 1270 3832 singulari
1293 3771 1345 3814 ex·

279 3857 413 3922 bibitam
431 3861 482 3939 34,
502 3863 519 3922 3
542 3857 561 3946 ἡ
578 3863 660 3923 πενία
676 3859 783 3921 αωλίιει
798 3861 873 3940 πρὸς
888 3860 920 3920 τὸ
937 3858 1116 3945 φιλοσοφεῖν,
1140 3854 1156 3920 ὁ
1173 3857 1205 3920 δὲ
1220 3858 1346 3927 πλοῦτος

279 3962 320 4036 εἰς
336 3974 452 4029 ταῦτα
467 3971 614 4052 χρήσιμον
631 3971 663 4030 et
678 3987 753 4030 mox
769 3961 796 4028 οἱ
812 3965 844 4026 δὲ
859 3964 1056 4027 claborabat
1072 3961 1174 4027 ταῦτ’
1197 3961 1293 4027 αὐτὰ
1316 3961 1345 4026 ἐν

278 4076 419 4156 τηποίση
436 4070 566 4157 ἀσχολία
589 4069 666 4136 εἰσίν.
705 4092 840 4155 querum
857 4070 957 4135 simile
975 4075 1023 4136 est
1038 4070 1099 4135 hcc
1117 4073 1168 4153 35,
1186 4075 1204 4134 3
1221 4071 1345 4133 πλοῦτόν
1422 4136 1426 4142 ,

278 4201 308 4242 τε
336 4183 392 4263 γὰρ
419 4180 553 4244 πλεῖστον
581 4176 667 4244 αὑτὸν
694 4178 773 4264 ἔχειν
801 4176 874 4241 ὥστε
899 4178 1030 4243 δαπανᾶν
1054 4175 1095 4249 είς
1117 4187 1235 4241 ταῦτα
1258 4178 1291 4261 (i.
1315 4197 1343 4240 e.

278 4288 310 4349 τὸ
333 4287 561 4374 φιλοσοφῆσαι),
590 4287 641 4351 cui
664 4285 803 4350 addatur
827 4285 875 4348 διὰ
898 4289 950 4370 μὲν
973 4283 1084 4349 ἔνδειαν
1106 4295 1254 4368 καρτερεῖν
1277 4288 1343 4369 βιαί-
