3398 5230
809 560 1028 626 ..72-

384 760 412 828 οἱ
434 762 564 848 βασιλεῖς
589 757 672 825 αίντοί
697 753 812 847 πολλῆς
841 756 1022 846 ἐπάρχοντας
1047 760 1099 822 καὶ
1124 757 1291 843 προσόδους
1317 746 1451 842 μεγάλας

386 869 504 957 ἔχοντες
519 865 602 935 οὐδὲν
624 865 710 956 η’ττον
727 870 909 940 σπανίζουσιν
927 870 980 948 32,
1000 869 1039 929 15
1058 865 1215 948 excipitur
1230 865 1293 929 hoc
1308 863 1451 928 membro

385 976 604 1047 ποίοσυνδέτως
626 973 827 1042 conformato
851 971 926 1038 dore
948 977 999 1037 aut
1021 975 1220 1059 τυμβωρνχεῖν
1243 975 1294 1036 καί
1316 975 1396 1056 καρὰ
1419 973 1451 1034 τὸ

385 1095 536 1173 προσῆκον
559 1083 738 1173 φοναδείειν.
772 1081 829 1148 sed
852 1082 932 1147 haec
947 1078 1107 1146 sufficiant
1122 1086 1286 1163 tamquam
1307 1079 1453 1163 exempla

386 1194 525 1278 potiora.

455 1298 688 1384 anaphoram
704 1319 799 1382 quam
813 1298 846 1362 in
864 1297 982 1363 deliciis
998 1297 1144 1363 habuerit
1156 1297 1261 1382 Tales,
1277 1299 1341 1364 iam
1356 1300 1454 1365 mani-

387 1409 505 1476 festum
527 1407 595 1473 fere
623 1411 672 1472 est
695 1404 841 1492 asyndeti
870 1406 1022 1489 exemplis
1044 1405 1190 1490 prolatis.
1224 1408 1335 1489 paucis
1357 1408 1455 1490 igitur

388 1516 553 1600 defungor.
588 1519 625 1579 ut
648 1512 994 1600 hominislinsatiabilis
1010 1514 1133 1579 animus
1150 1518 1182 1579 et
1204 1514 1364 1598 inquietus
1380 1521 1454 1581 ante

389 1623 499 1690 oculos
523 1626 678 1707 ponatur,
705 1640 770 1685 non
792 1620 859 1686 sine
883 1618 1019 1686 artificio
1047 1621 1184 1686 iteratur
1206 1621 1294 1687 istud
1316 1619 1377 1686 είτα
1402 1627 1453 1704 32,

390 1737 410 1797 8
427 1748 510 1815 sqq:
534 1727 631 1814 ἕτερον
645 1729 720 1812 πρὸς
737 1727 853 1791 σπεῦδεν
868 1729 1052 1814 κτήσασθαι·
1077 1731 1130 1814 μία
1145 1733 1210 1813 γάρ,
1232 1733 1313 1818 φησί,
1329 1730 1455 1814 χελιδὼν

389 1837 443 1925 ἔαρ
470 1833 504 1902 ot
526 1845 612 1901 ποιεῖ.
639 1832 700 1899 εἶτα
723 1834 784 1909 δίο,
813 1831 874 1898 εἶτα
896 1831 1015 1919 κάγρόν,
1042 1831 1092 1898 εἶτ’
1118 1832 1286 1923 Ἀθηναῖος
1308 1839 1455 1918 γενέσθαι,

390 1943 452 2010 εἶτα
467 1943 564 2028 ἄρξαι,
584 1940 645 2007 εἶτα
667 1941 846 2026 βασιλεῦσαι,
869 1938 939 2018 εἶτα,
964 1939 1061 2026 ὥσπερ
1076 1940 1283 2027 Ἀλέξανδρος,
1304 1941 1458 2016 ἀθάνατος

391 2053 529 2135 γενέσθαι
551 2046 611 2113 aet.
644 2070 703 2115 nec
718 2069 794 2114 vero
817 2048 1022 2115 mediocriter
1044 2049 1259 2134 persuadendi
1273 2051 1337 2115 rim
1360 2056 1458 2135 auget

392 2157 558 2242 anaphora
580 2156 628 2222 his
650 2153 685 2220 ot
709 2157 834 2244 φανερὸν
857 2152 899 2218 ὅτι
922 2152 956 2219 oh
978 2159 1011 2220 τὸ
1033 2166 1138 2244 γῆρας,
1161 2154 1196 2221 ob
1219 2160 1270 2245 tp
1292 2161 1400 2235 πενίαν,
1424 2153 1458 2222 ot

392 2269 445 2353 τὴν
468 2265 559 2338 ξενίαν
575 2259 716 2328 αἰτιατέον
739 2259 807 2326 ἀλλ’
829 2259 926 2346 ἕτερόν
949 2285 988 2340 τι;
1012 2267 1114 2346 8,11.
1147 2263 1262 2347 quibus
1285 2264 1458 2331 admodum

371 2371 502 2438 ·similis
525 2369 727 2454 paupertatis
750 2367 894 2435 Bioneae
923 2370 1026 2436 oratio
1054 2374 1097 2458 μὴ
1120 2373 1215 2435 καλοῦ
1242 2394 1317 2445 τινος
1345 2369 1380 2436 δι’
1406 2369 1459 2458 ἐμὲ

392 2483 542 2563 ereptorem
559 2480 601 2566 μὴ
613 2478 817 2564 σωφροσίνης;
834 2479 876 2563 μὴ
893 2477 1091 2565 heautontim
1109 2481 1197 2565 <μὴ>
1214 2476 1362 2562 ἀνδρείας;
1380 2477 1459 2542 ἀλλὰ

393 2591 434 2674 μὴ
457 2597 513 2650 τῶν
540 2583 706 2667 ἀναγκαίων
729 2580 832 2670 ἐνδεὴς
854 2580 891 2660 εί;
920 2581 979 2648 aet.
1014 2587 1046 2667 4,
1070 2590 1087 2648 7
1112 2606 1182 2670 sqq.
1216 2584 1273 2651 sed
1303 2584 1460 2677 debebam

392 2697 493 2758 totam
510 2690 577 2758 fere
592 2690 791 2776 perscribere
808 2691 995 2774 orationem,
1020 2691 1047 2758 si
1062 2713 1128 2758 rem
1146 2693 1312 2758 exhaurire
1335 2691 1458 2760 vehem.

394 2798 524 2866 artificis
546 2797 627 2865 haec
647 2803 721 2864 sunt
743 2797 817 2877 stili,
841 2819 906 2864 non
921 2805 1041 2865 temere
1062 2798 1158 2868 verba
1174 2800 1265 2883 quasi
1287 2798 1458 2879 fundentis,

394 2906 482 2992 quod
505 2906 615 2972 vellem
633 2906 733 2990 magis
757 2906 913 2972 tenuisset
934 2929 1038 2991 nuper
1053 2906 1094 2972 R.
1111 2907 1235 2974 Heinze
1258 2930 1338 2974 mus.
1354 2907 1459 2973 Rhen.

393 3011 688 3095 XLVp.516adn.
700 3033 771 3076 cum
779 3009 876 3077 Bioni
886 3012 1045 3080 vindicare
1053 3034 1118 3082 non
1129 3013 1292 3080 dubitaret
1301 3014 1353 3103 (ut
1361 3014 1459 3096 ipsius

396 3119 492 3186 verba
508 3117 652 3204 afferam)
664 3122 907 3202 polternden
933 3123 1056 3188 derben
1076 3124 1323 3188 Diotre'benstz'l.
1347 3119 1461 3205 quodsi

395 3225 516 3292 Teletis
527 3245 710 3292 sermonum
721 3224 838 3292 auxilio
852 3226 948 3292 etiam
961 3226 1001 3294 de
1010 3226 1141 3296 Bioneis
1154 3228 1298 3294 diatribis
1310 3228 1460 3293 iudicium

395 3333 465 3399 fieri
487 3333 572 3416 licet,
597 3332 685 3416 quod
700 3331 778 3397 mihi
799 3353 862 3398 non
886 3332 1017 3400 dubium
1040 3340 1099 3419 est,
1124 3337 1201 3401 satis
1224 3336 1346 3418 politae
1369 3339 1460 3400 erant
1527 3412 1531 3420 ¹

397 3439 554 3507 diatribae
577 3440 718 3523 artisque
741 3438 921 3507 rhetoricae
943 3441 1113 3508 luminibus
1137 3446 1310 3507 exornatae
1332 3439 1389 3506 sed
1411 3439 1461 3526 (ut

396 3552 484 3615 recte
500 3547 646 3630 exposuit
658 3547 785 3632 Hense)
801 3550 957 3615 sermonis
972 3548 1136 3616 familiaris
1153 3548 1259 3615 colore
1276 3547 1367 3631 quasi
1381 3552 1460 3612 tem·

397 3656 527 3739 peratis.
563 3653 638 3720 nolo
662 3655 761 3738 igitur
776 3662 923 3740 repetere
947 3677 1029 3741 quae
1051 3655 1103 3722 ille
1119 3655 1267 3740 exposuit
1285 3654 1325 3720 de
1341 3653 1462 3722 Teletis

398 3763 547 3828 Bionisve
571 3761 678 3828 studio
694 3765 948 3849 paronomasiae‚
973 3765 1012 3831 de
1028 3763 1177 3830 membris
1193 3763 1371 3848 aequaliter
1387 3785 1462 3831 con·

398 3871 554 3953 formatis,
579 3869 618 3936 de
640 3869 907 3938 homoeoteleutis
930 3872 1145 3956 similibusque
1170 3871 1296 3936 dicendi
1311 3871 1462 3954 artificiis,

399 3998 480 4063 quae
497 3977 608 4061 siquis
625 3997 820 4060 cognoscere
835 3978 920 4045 volet
942 3979 1039 4045 adeat
1053 3978 1075 4046 1.
1092 4000 1119 4044 c.
1136 3999 1168 4062 p.
1185 3977 1380 4046 LXXXIV
1392 3998 1462 4060 sqq.

400 4084 490 4152 adice
513 4105 597 4149 nunc
622 4084 709 4168 quod
733 4086 886 4151 orationis
906 4087 968 4152 rim
992 4092 1024 4152 et
1046 4086 1187 4169 vigorem
1209 4083 1296 4151 haud
1318 4105 1393 4150 raro
1416 4083 1463 4148 ita

399 4190 538 4271 intendit
563 4191 658 4256 Tales
688 4196 725 4256 ut
752 4193 855 4259 vicina
883 4193 1039 4259 vocabula
1068 4192 1109 4259 ab
1140 4191 1250 4259 eadem
1279 4191 1389 4257 littera
1416 4190 1463 4256 in-

401 4299 550 4383 cipientia
573 4305 801 4382 componeret,
831 4301 864 4364 in
888 4300 1079 4384 easdemque
1102 4301 1152 4365 vel
1180 4298 1297 4364 similes
1327 4295 1464 4384 syllabas

562 4732 1322 5218 nm
