3388 5236
686 563 906 625 ..31-

261 757 308 824 ἴνα
324 759 395 830 Ζεὺς
410 763 526 846 γένηται
542 756 717 846 ἐπιθυμήσει
729 780 794 823 non
809 759 895 824 nulla
911 758 1057 842 exempla
1072 758 1186 823 similia
1202 758 1329 842 collegit

264 865 353 932 Stich
377 866 416 931 de
431 865 558 952 Polybii
581 866 707 932 dicendi
730 887 846 950 genere
862 867 937 950 (act.
954 888 1030 932 sem.
1055 866 1165 950 philol.
1183 866 1253 931 Erl.
1276 867 1326 952 H)

263 997 293 1058 p.
311 978 385 1056 203,
410 973 466 1038 sed
489 972 560 1038 vide
583 995 680 1057 supra
702 996 732 1057 p.
762 976 812 1038 11.
852 974 967 1060 μέλλων
991 972 1191 1061 ἀποθνῄσκειν
1213 974 1329 1058 legitur

267 1084 316 1161 12,
331 1086 361 1145 6.
394 1083 519 1152 καὶπῶς
535 1081 636 1166 μέλλει
652 1089 734 1144 τοῦτο
751 1079 861 1152 ’όνειδος
877 1078 948 1144 εἶναι
966 1077 1022 1144 ιιτὲ.
1036 1083 1088 1163 21,
1103 1084 1120 1144 3
1134 1080 1189 1167 (61.
1202 1081 1329 1164 Krueg.

266 1192 317 1270 53,
340 1192 371 1264 8,
396 1189 439 1273 2).
475 1185 612 1274 ἅψασθαι
635 1183 775 1273 ὀκνοῦμεν
800 1191 853 1271 23,
872 1190 922 1257 11,
968 1190 1104 1273 χρᾶσθαι
1134 1189 1331 1274 προελόμενος

265 1297 383 1376 26,Ῑο
408 1304 461 1380 τῆς
476 1292 576 1381 ἀρχῆς
588 1292 749 1380 ἀποστῆναι
764 1303 969 1378 προαιροῦνται
982 1298 1033 1373 32,
1054 1298 1104 1361 17.
1128 1292 1198 1381 ἔτλη
1210 1293 1330 1367 ἕζεσθαι

265 1405 317 1483 24,
337 1405 354 1464 5
372 1399 466 1466 'Peles
483 1400 560 1465 dicit
582 1401 725 1466 imitatus
740 1400 958 1485 Homerum1),
983 1401 1072 1465 cuius
1092 1401 1235 1484 exempla
1250 1401 1329 1467 indi-

265 1508 348 1572 cavit
371 1506 486 1591 editor,
509 1507 587 1572 item
609 1507 689 1572 haec
711 1504 788 1571 ‘dal'
813 1504 894 1570 ὁπότ’
921 1504 1027 1571 ἰθθσει’
1052 1505 1069 1570 ὁ
1092 1505 1192 1592 μέμον’
1214 1517 1286 1572 πιεῖν
1309 1505 1329 1595 ἢ

263 1626 319 1679 τῶν
342 1625 463 1699 καρπῶν
486 1611 623 1699 ἅψασθαι
646 1617 699 1695 26,
722 1618 750 1681 7.
796 1636 871 1680 nam
903 1615 1025 1698 scripta
1054 1619 1128 1679 sunt
1159 1635 1198 1678 ex
1221 1637 1329 1682 versus

263 1721 346 1786 illius
370 1721 519 1804 analogia
541 1731 598 1784 τῶν
620 1718 701 1785 ὁπότ’
725 1717 830 1785 ἰθθσει’
855 1719 978 1805 ὁγέριον
1001 1719 1047 1784 ἐπὶ
1070 1725 1154 1809 χερσὶ
1173 1725 1330 1808 μάσασθαι

264 1830 295 1912 (λ
308 1830 386 1915 601)
401 1827 457 1893 ubi
469 1827 635 1894 consilium
646 1826 819 1893 infinitivus
831 1828 961 1895 indicat.
985 1833 1021 1893 ut
1033 1827 1131 1893 verba
1142 1834 1330 1914 προαιρετικοί

265 1936 310 2001 sic
325 1935 512 2001 infinitivum
527 1936 647 2002 habent
663 1933 791 2024 έρετιιιά,
808 1935 894 2000 velut
910 1936 1025 1999 credda
1040 1939 1091 2018 32,
1107 1940 1136 2000 6.
1150 1941 1170 1999 6
1186 1947 1331 2022 πειρῶμαι
1400 1979 1404 1990 -

266 2048 294 2125 6,
309 2049 340 2112 8.
355 2047 406 2108 10.
430 2047 521 2124 46,2
545 2051 759 2128 προσποιοῦμαι
784 2046 868 2126 37,1
894 2047 971 2130 ζητῶ
996 2046 1118 2126 31,16.
1157 2043 1254 2109 verba
1276 2044 1331 2108 im-
1356 2041 1357 2048 '

266 2151 417 2234 pediendi
440 2150 564 2216 sinendi
588 2155 716 2216 exstant
738 2151 832 2216 haec:
856 2152 973 2228 κωλθω,
997 2150 1037 2217 de
1060 2173 1124 2234 quo
1140 2152 1211 2218 vide
1235 2153 1331 2217 etiam

264 2256 355 2340 infra,
379 2257 428 2323 bis
443 2257 542 2324 habet
564 2256 752 2323 infinitivum
776 2262 829 2342 34,
842 2262 874 2322 4.
891 2261 923 2340 9,
945 2259 1023 2324 item
1046 2256 1086 2321 ἐῶ
1111 2263 1163 2343 27,
1178 2264 1207 2326 6.
1233 2264 1285 2341 28,
1300 2265 1329 2324 3.

264 2365 362 2430 semel
383 2364 500 2448 legitur
522 2368 612 2450 βιάζει)
631 2368 735 2446 34,11
754 2374 901 2449 καρτερεῖν
924 2368 1077 2450 βιάζονται.
1112 2365 1170 2431 sed
1186 2365 1226 2431 of.
1244 2370 1331 2449 2,10

263 2469 311 2536 ἵνα
333 2473 434 2558 λάχῃς
457 2476 688 2559 μηχανήσονται.

331 2578 504 2646 infinitivus
520 2577 623 2644 verbis
639 2578 782 2662 putandi,
801 2579 975 2663 cogitandi,
992 2578 1145 2645 similibus
1161 2579 1330 2646 adiunctos

264 2708 338 2757 non¹
352 2708 432 2771 opus
453 2692 503 2752 est
523 2687 706 2770 singillatim
726 2707 922 2754 enumerare.
957 2686 1130 2752 admodum
1146 2686 1332 2770 frequenter

265 2795 464 2860 accusativus
501 2816 572 2860 cum
606 2792 761 2860 infinitivo
797 2800 854 2859 aut
887 2795 1099 2860 nominativus
1133 2794 1254 2878 pendet
1288 2795 1329 2860 ab

265 2899 403 2989 ἡγοῦμαι,
431 2902 520 2966 locos
544 2902 699 2984 exscripsi
722 2901 786 2968 ind.
811 2922 881 2966 roo.
905 2923 936 2984 p.
956 2906 1008 2968 66.
1054 2900 1139 2966 idem
1163 2900 1332 2966 dicendum

266 3014 315 3074 est
346 3009 385 3074 de
408 3008 506 3074 verbo
531 3008 639 3094 οἴομαι,
671 3007 815 3092 exempla
838 3006 937 3073 habes
960 3008 1056 3074 haec:
1081 2996 1182 3090 2,11.
1210 3013 1330 3092 13,12.

269 3121 319 3202 14,
337 3123 367 3184 2.
393 3121 444 3200 34,
465 3123 495 3185 3.
521 3120 573 3200 36,
591 3123 622 3184 8.
643 3121 695 3184 13.
719 3120 844 3200 46,10.
865 3121 916 3185 12.
940 3121 994 3199 47,
1015 3120 1044 3184 1.
1098 3137 1200 3200 neque
1231 3115 1332 3198 magis

269 3224 356 3290 verbi
380 3225 460 3288 δοκῶ
484 3229 666 3290 structurae
690 3224 730 3290 ab
754 3223 942 3291 Atticorum
965 3245 1024 3289 usu
1048 3222 1212 3290 recedunt.
1252 3243 1331 3289 sem-

266 3353 324 3415 per
357 3332 457 3398 habet
490 3333 717 3398 nominativum
741 3333 817 3397 'oum
847 3330 1012 3414 infinitiv0,
1048 3337 1084 3396 ut
1117 3336 1226 3396 tamen
1262 3328 1332 3394 εἶναι

266 3461 504 3522 nonnumquam
519 3439 695 3505 reticeatur
707 3439 761 3527 (of.
774 3439 898 3525 Krueg.
913 3442 965 3522 55,
977 3443 1008 3522 4,
1021 3440 1064 3524 4).
1100 3438 1175 3504 nolo
1189 3437 1334 3519 exempla

268 3546 447 3612 exscribere
476 3547 577 3612 ubivis
608 3546 711 3612 obvia.
758 3547 841 3612 δοκεῖ
861 3545 932 3611 εἶναι
962 3546 1039 3611 (11611
1063 3545 1157 3611 Telos
1181 3549 1267 3626 26,2
1292 3543 1331 3612 61.

271 3655 539 3737 1,14.2,661.,
573 3676 638 3720 non
668 3652 738 3719 εἶναι
771 3655 859 3718 δοκεῖ.
906 3653 1030 3718 dativus
1064 3653 1190 3718 accedit
1221 3653 1254 3717 in
1284 3651 1333 3715 his

265 3760 365 3846 ἔμοιγε
389 3761 470 3824 δοκεῖ
492 3761 652 3847 (δοκοῦσιν)
677 3765 730 3844 23,
749 3766 779 3826 9.
805 3765 935 3842 26,3.9
961 3761 1043 3825 δοκεῖ
1063 3783 1113 3846 μοι
1137 3764 1167 3842 9,
1186 3765 1216 3824 8.
1241 3762 1295 3841 24,
1314 3763 1333 3822 2

266 3872 342 3952 μέγα
372 3889 421 3954 μοι
451 3868 532 3932 δοκεῖ
561 3871 593 3932 τὸ
606 3917 613 3932 .
627 3917 652 3931 ..
676 3871 892 3950 καταγενέσθαι
917 3871 1005 3950 19,2
1029 3889 1079 3953 μοι
1103 3868 1184 3931 δοκεῖ
1209 3869 1332 3945 35,16.

338 4046 347 4077 ¹
367 4045 471 4118 [Etiam
489 4046 805 4115 Τ616116ρ.24,1-25,
824 4048 840 4100 2
860 4046 895 4099 ad
914 4044 1030 4099 Biouem
1047 4063 1091 4099 me
1110 4043 1238 4098 debuisse
1256 4060 1333 4097 revo-

266 4154 329 4190 care
347 4153 403 4189 non
422 4137 480 4190 sola
498 4136 589 4206 arguit
605 4135 722 4190 Homeri
741 4134 868 4189 imitatio,
896 4134 966 4188 risus
985 4137 1113 4202 captatur
1124 4132 1215 4187 verbis
1229 4131 1335 4193 ἕζεσθαι

266 4224 447 4297 ἑπὶθρόνοο
475 4230 503 4280 61
525 4223 583 4280 ιολ.
609 4227 691 4277 κατὰ
718 4225 836 4296 κόπρον
864 4223 957 4293 lepide
980 4227 1078 4278 contra
1103 4221 1209 4292 positis.
1251 4221 1334 4276 etiam

266 4315 405 4383 apertiora
423 4314 518 4368 Bionis
537 4314 652 4385 vestigia
670 4314 698 4367 iu
716 4314 858 4383 proximis.
882 4313 914 4368 Ο.
927 4311 976 4381 Η.]
