3388 5236
798 565 1018 625 -12-

373 760 422 819 est
445 756 617 837 genetivus
649 755 730 820 adde
748 753 821 841 ὄψου
842 755 931 818 δεῖται
948 758 1010 837 5,1
1036 757 1217 826 σπανίζουσιν
1239 749 1317 817 οὗτοι
1333 755 1439 818 τουτων

374 866 497 944 26,12,
522 861 560 926 σί.
588 866 639 944 27,
658 866 687 926 3.

438 1006 504 1052 nen
536 986 639 1051 minus
671 985 809 1070 vulgaris
842 991 891 1052 est
924 986 1087 1069 genetivus
1116 985 1260 1069 pendens
1292 984 1438 1052 averbis

372 1091 470 1165 ἀξιοῦν
487 1099 520 1158 et
535 1105 632 1179 τιμᾶνε
657 1098 708 1173 37,
724 1097 741 1157 5
765 1104 853 1179 τιμῶν
876 1094 1015 1158 πλειόνων
1039 1090 1157 1180 ἠξιώθη
1177 1095 1228 1175 11,
1243 1097 1283 1157 12
1301 1091 1439 1177 ἀργυρίου

372 1203 564 1287 τιμήσασθαι,
582 1199 623 1268 cf.
644 1205 694 1282 11,
714 1204 764 1290 13.
801 1199 942 1266 eiusdem
958 1200 1083 1283 generis
1099 1206 1173 1265 sunt
1188 1199 1268 1264 haec
1284 1200 1439 1265 sermonis

373 1306 526 1372 cotidiani
554 1306 711 1372 brevitate
741 1307 877 1391 insignia
900 1310 992 1389 8,14
1021 1304 1199 1372 ἐπυνθάνετο
1229 1311 1356 1370 πόσου
1387 1317 1439 1394 της

372 1415 485 1498 κὺπρου
501 1412 520 1502 η
536 1415 655 1502 κοιίλη.
672 1411 763 1501 (μνᾶς
782 1418 869 1503 ρησὶν
885 1412 902 1478 6
916 1415 1104 1502 μυροπώλης.
1121 1436 1258 1498 quorum
1274 1413 1437 1498 comparia

372 1521 459 1587 haud
482 1543 586 1605 panea
607 1523 757 1606 leguntur
779 1523 812 1586 in
835 1523 998 1605 proximis,

440 1647 618 1730 genetivum
641 1646 762 1713 habent
785 1647 881 1713 solito
904 1669 994 1714 more
1017 1645 1118 1733 ἄρχειν
1134 1652 1167 1712 et
1182 1647 1342 1731 βασιλείαν
1364 1652 1393 1730 3,
1408 1652 1437 1714 3.

376 1757 496 1836 16,13.
521 1753 635 1837 quibus
659 1754 742 1819 adde
765 1751 899 1837 ὑπεράνω
922 1757 1059 1834 γενέσθαι
1082 1758 1157 1825 τινός
1181 1757 1282 1836 33,1.

440 1900 512 1943 eum
528 1879 674 1961 genetivo
691 1879 737 1944 rei
754 1879 957 1962 coniungitur
974 1878 1105 1944 verbum
1125 1888 1326 1967 καταφρονεῖν,
1351 1879 1438 1961 quod

373 1988 469 2054 semel
492 1988 608 2073 legitur
633 1993 722 2071 7,10
746 2000 799 2077 της
822 1987 933 2076 ἡδονῆς
955 1997 1201 2076 καταφρονοῦντα.

438 2114 490 2178 Ex
522 2113 791 2179 substantivorum
822 2135 955 2179 numero
988 2111 1085 2178 affero
1113 2117 1221 2194 15,12
1252 2114 1350 2199 πολλὴ
1382 2125 1438 2179 τῶν

372 2223 505 2284 τοιοίιτῶν
529 2220 661 2309 ἀφθονία
678 2224 782 2303 31,11
806 2218 964 2306 ἐπιθυμίας
987 2223 1037 2283 καί
1060 2217 1199 2304 ἐπιβολὰς
1222 2221 1364 2286 τοσουτῶν
1387 2224 1438 2284 καί

372 2330 505 2393 τοιοῦτον
517 2327 588 2414 ἔχει.
601 2328 640 2392 ef.
652 2328 773 2412 Krueg.
786 2331 840 2410 47,
859 2331 911 2392 25.
931 2348 1039 2392 nasum
1055 2348 1120 2392 non
1136 2327 1280 2393 additum
1295 2327 1437 2393 videmus

372 2433 488 2498 talibus
512 2432 669 2522 ἀπληστία,
693 2433 811 2518 ἀπορία,
841 2432 971 2519 εὐπορία,
995 2434 1099 2510 ἔνδεια,
1124 2439 1236 2510 σπάνις,
1261 2434 1437 2517 dequibus

372 2540 558 2606 consuletur
581 2541 676 2606 index
698 2541 935 2610 vocabulorum.
966 2541 1004 2606 cf.
1023 2543 1119 2607 etiam
1137 2545 1188 2623 33,
1206 2545 1221 2604 l
1240 2539 1268 2606 έν
1285 2542 1382 2628 πολλῇ
1400 2541 1435 2607 ἀν

372 2646 416 2734 εἰἠ
440 2645 525 2730 ἀδείορ
548 2651 599 2710 καί
622 2646 802 2731 ἀσπανιστία.

438 2772 609 2839 Adiectivn
623 2774 750 2838 nomina
767 2774 946 2857 genetivum
963 2773 1136 2839 adsumunt
1150 2772 1244 2839 haec:
1261 2771 1363 2861 ἐνδεής
1375 2776 1436 2856 4,8

371 2885 477 2966 μεστός
492 2883 556 2965 4,9
580 2881 698 2968 πλήρης
718 2884 782 2961 4,3
806 2884 959 2965 παραίτιος
982 2885 1032 2964 15,
1053 2884 1104 2950 13.
1135 2877 1217 2943 τῶνδ’
1309 2878 1436 2953 ἐπαίτιος

372 2987 534 3053 detortum
559 3010 597 3053 ex
619 2987 766 3054 Homero
793 2991 892 3071 5,13.
938 2989 1005 3053 sine
1030 3009 1106 3053 casu
1127 2987 1277 3072 leguntur
1300 2986 1435 3075 ἀπαθης,

371 3093 531 3182 ἄπληστος,
554 3094 675 3180 ἔντιμος,
699 3099 798 3182 πένης,
821 3096 970 3172 πλουσιος,
994 3094 1082 3159 haud
1105 3116 1178 3160 raro
1203 3092 1313 3182 ένδεης,
1338 3095 1435 3160 semel

370 3201 482 3287 πλῆρες
505 3200 593 3287 (epp.
610 3201 794 3287 κενοίμενον)
820 3206 872 3282 28,
890 3206 920 3268 3.

438 3326 601 3409 genetivus
625 3327 870 3408 comparationis
893 3325 1009 3409 legitur
1034 3329 1086 3407 36,
1100 3330 1131 3394 9.
1156 3330 1208 3403 37,
1221 3328 1251 3389 4.
1266 3329 1296 3392 8.
1313 3328 1367 3407 43,
1384 3329 1434 3389 19.

436 3433 599 3516 genetivus
611 3432 780 3515 partitivus
792 3432 879 3497 haud
891 3453 982 3498 rarus
995 3437 1053 3516 est,
1070 3431 1157 3498 velut
1173 3441 1222 3496 τοῦ
1238 3435 1345 3504 παντὸς
1361 3436 1435 3518 χρό-

369 3561 419 3603 νου
435 3537 451 3602 ὁ
466 3537 574 3625 ἥμισυς
587 3544 638 3622 38,
653 3545 683 3607 7.
715 3540 836 3622 pendet
850 3562 870 3605 a
885 3540 1073 3623 pronomine
1088 3537 1254 3605 indefinito
1269 3540 1321 3623 21,
1337 3544 1375 3603 11
1387 3562 1435 3611 ,τις

370 3657 425 3710 τῶν
441 3643 582 3712 Ἀττικῶν
598 3648 735 3736 ρυηάδων
751 3651 805 3731 45,
821 3652 859 3711 17
882 3645 932 3711 έάν
948 3658 1003 3713 τῶν
1020 3648 1144 3732 δένδρων
1161 3648 1248 3735 ξηρόν
1267 3670 1292 3711 τι
1307 3651 1434 3734 γένηται,

370 3756 445 3820 item
470 3754 511 3820 ab
534 3753 550 3818 6
574 3759 685 3841 μὲν...
709 3753 725 3818 6
750 3756 781 3819 δέ
805 3777 886 3839 quae
907 3777 1008 3839 aeque
1024 3775 1062 3819 υο
1078 3755 1269 3837 pronomina
1284 3754 1434 3820 adhiben-

370 3869 423 3926 tur
440 3867 471 3945 8,
485 3867 503 3926 6
529 3863 581 3926 δυο
606 3861 758 3951 ἀδελρῶν.
772 3912 798 3926 ..
815 3863 989 3949 διελομένων
1013 3866 1060 3927 τδν
1083 3866 1135 3949 μὲν
1149 3911 1155 3926 .
1168 3911 1195 3926 ..
1211 3865 1258 3927 τὸν
1276 3863 1307 3926 δέ
1324 3866 1433 3945 27,13

370 3981 424 4034 τῶν
456 3968 621 4054 ἀνθρώπων
653 3968 703 4041 οὓς
735 3973 845 4056 μὲν...
870 3968 920 4042 οὓς
953 3970 993 4034 δέ.
1039 3990 1059 4034 a
1089 3969 1207 4035 talibus
1240 3990 1303 4052 quo
1335 3968 1433 4036 modo

370 4075 497 4142 differat
520 4076 659 4162 syntaxis
683 4076 762 4142 haee
786 4098 867 4160 quae
890 4076 1007 4160 legitur
1030 4080 1098 4159 8,9
1128 4076 1179 4139 δυο
1207 4080 1353 4160 γέροντας,
1382 4076 1434 4140 δυο

369 4188 504 4271 πένητας,
534 4184 586 4247 δὺο
609 4185 777 4271 ρευγοντας,
806 4187 853 4248 τὸν
876 4187 987 4270 μὲν...
1011 4186 1058 4247 τὸν
1083 4184 1173 4248 δέ...
1197 4183 1357 4249 subtiliter
1381 4205 1433 4248 ex·

368 4291 461 4374 punit
491 4289 642 4375 Krueger
672 4295 725 4375 47,
748 4295 800 4374 28,
823 4295 852 4358 3.
909 4291 993 4356 inter
1026 4291 1219 4375 pronomine
1253 4291 1348 4357 etiam
1384 4295 1433 4357 est
