3388 5236
725 587 946 647 -37-

301 776 436 843 accedat
458 774 543 843 οὐδὲν
564 775 649 865 ἦττον
675 782 759 862 36,7
785 777 852 844 ἀλλ’
875 778 958 867 ὅμως
980 777 1067 846 ταῦθ’
1089 778 1211 866 ὁρῶντες
1234 788 1368 870 γινόμενα

301 882 384 950 οὐδὲν
406 884 492 972 ἦττον
514 887 741 973 κακοδαιμονεῖν
765 887 881 965 οίονται,
905 886 961 953 κᾶν
985 887 1048 974 (ἐὰν
1064 889 1102 954 ci.
1119 889 1279 974 Meinelre,
1296 891 1367 958 vide

301 1015 382 1076 quae
412 992 578 1059 adnotavit
607 994 734 1081 Hense)
765 987 886 1082 πένητες
917 995 971 1059 ὦσι
1002 995 1139 1080 (Krueg.
1167 1000 1219 1079 56,
1246 1000 1296 1080 13,
1321 999 1365 1086 3).

299 1098 426 1164 brevius
450 1098 530 1163 dixit
554 1103 664 1183 32,13
690 1097 717 1164 οί
739 1103 870 1186 βασιλεῖς
892 1099 974 1166 abaci
989 1103 1104 1190 πολλῆς
1119 1100 1299 1189 ἐπάρχοντος
1316 1109 1367 1169 καί

301 1206 466 1292 προσόδους
489 1207 621 1292 μεγάλας
644 1206 762 1293 ἔχοντες
785 1205 868 1274 ουδὲν
890 1207 976 1297 ἦττον
999 1214 1179 1284 σπανίζουσιν
1202 1208 1262 1275 nrt.

367 1312 429 1378 duo
455 1312 580 1378 diversa
601 1315 733 1380 notione
757 1337 791 1381 se
808 1317 970 1400 excipiunt
985 1318 1155 1402 participia
1173 1315 1365 1404 15,19παρ’

298 1418 366 1508 ἡμῖν
382 1417 518 1508 ἐφρουρει
533 1424 628 1508 φυγὰς
644 1419 683 1487 ὢν
699 1419 734 1485 ἐκ
750 1432 803 1509 τῆς
815 1419 951 1500 Ἰταλίας,
968 1428 1173 1511 πιστευόμενος
1188 1423 1257 1511 παρ’
1268 1423 1365 1490 Ἀντι-

297 1531 381 1610 ρονιρ.
415 1526 520 1591 verbis
550 1529 699 1593 extremis
723 1529 903 1595 accuratius
927 1529 1076 1596 definitur
1098 1530 1176 1596 illud
1203 1528 1272 1616 παρ’
1295 1530 1364 1620 ἡμῖν

298 1631 441 1721 ἐμροίρει,
466 1655 538 1699 cum
561 1636 743 1701 concessive
768 1636 893 1703 dicatur
916 1641 1012 1726 φυγὰς
1035 1636 1074 1703 ὢν
1097 1635 1132 1703 ἐν
1155 1649 1207 1726 τῆς
1229 1635 1364 1713 Ἰταλίας.

298 1740 337 1808 cf.
353 1740 478 1825 Krueg.
497 1744 549 1824 66,
569 1746 620 1807 15.

364 1848 463 1914 Addo
485 1850 614 1933 potiora
638 1851 795 1934 quaedam
818 1851 858 1918 de
881 1853 1240 1936 praepositionibus
1256 1853 1362 1920 Krue·

297 1957 364 2040 geri
387 1957 470 2021 sicut
491 1956 525 2020 in
548 1957 707 2040 prioribus
731 1958 974 2042 dispositionem
998 1966 1135 2027 secutus.

362 2063 612 2147 praepositionis
628 2067 702 2148 πρὸς
716 2066 810 2130 tmesi
826 2065 953 2131 averbo
969 2067 1131 2133 seiunctae
1148 2067 1278 2151 aliquod
1293 2090 1359 2134 ves·

296 2170 408 2254 tigium
431 2171 597 2254 agnovisse
621 2171 680 2237 sibi
703 2172 787 2237 visus
811 2178 860 2238 est
875 2172 1024 2239 Mainake
1050 2177 1139 2257 32,ss
1164 2176 1214 2260 (ut
1237 2180 1362 2240 taceam

298 2282 350 2360 30,
370 2279 411 2363 3),
436 2277 493 2344 sed
515 2278 587 2345 vide
611 2299 692 2362 quae
721 2278 887 2345 adnotavit
910 2279 1024 2344 editor.
1060 2280 1128 2345 οίνευ
1152 2282 1250 2348 semel
1272 2288 1361 2366 post·

296 2385 427 2468 ponitur
451 2387 572 2452 nomini
595 2387 794 2453 substantivo
813 2392 926 2453 contra
949 2409 1041 2453 usum
1065 2389 1258 2473 scriptorum
1274 2390 1361 2456 Atti-

296 2514 407 2559 corum
423 2492 474 2578 (cf.
488 2494 611 2579 Krueg.
627 2494 711 2577 Ios,
724 2499 756 2577 4,
772 2499 788 2558 1
806 2495 843 2560 ΙΙ
855 2500 908 2579 68,
925 2496 991 2583 18).
1016 2518 1054 2562 ex
1066 2495 1247 2563 Aristotele
1263 2520 1361 2564 unum

293 2600 385 2666 huius
413 2601 500 2667 modi
527 2601 705 2684 exemplum
733 2602 841 2668 attulit
869 2601 986 2668 Bonita
1016 2603 1081 2672 ind.
1105 2627 1137 2688 p.
1163 2608 1215 2670 56.
1240 2605 1360 2671 Teletis

295 2709 500 2775 excusabitur
528 2708 669 2792 libertae,
701 2710 728 2774 si
760 2710 855 2776 verba
887 2711 932 2775 sic
961 2711 1077 2778 videris
1109 2718 1222 2778 contra
1253 2715 1361 2797 posita

293 2818 465 2903 θαυμαστὸν
493 2821 634 2903 μὲνγὰρ,
658 2821 744 2906 μησίν
761 2815 798 2900 <ὁ
821 2815 999 2906 Alorcum),
1027 2816 1051 2882 εί
1074 2818 1182 2908 Μάνης
1204 2824 1256 2906 μὲν
1278 2819 1360 2885 Διο-

292 2928 415 3005 γένους
442 2923 523 2988 ἄνευ
553 2925 705 3013 δυνήσεται
733 2929 793 3012 ζῇν,
815 2923 961 3012 ’Διογένης
990 2927 1022 2989 δὲ
1049 2925 1130 2992 ἄνευ
1154 2926 1301 3001 Μοίνους
1325 2926 1359 2994 od

293 3031 444 3119 δυνήσεται
466 3033 588 3116 θαρρεῖν
613 3036 665 3116 31,
682 3035 763 3115 4sq.

358 3135 387 3203 ἐν
403 3139 598 3223 praepositio
616 3139 790 3205 admodum
804 3139 953 3224 frequens
970 3146 1019 3206 est
1034 3142 1067 3206 in
1083 3141 1232 3224 Teleteis,
1250 3141 1306 3208 sed
1322 3148 1358 3208 ut

291 3243 479 3312 Atticorum
502 3247 766 3312 consuetudinem
789 3248 840 3312 vix
864 3248 1008 3314 excedat.
1033 3249 1178 3332 exempla
1205 3250 1359 3334 exscripsi

289 3353 322 3417 in
345 3352 460 3436 indice,
485 3353 527 3418 ad
550 3359 676 3437 tempus
698 3354 903 3420 indicandum
926 3357 1104 3440 spectantia
1127 3378 1225 3440 supra
1246 3380 1279 3441 p.
1305 3362 1356 3425 13.

356 3462 407 3526 συν
429 3482 494 3526 non
516 3461 633 3547 legitur
657 3462 744 3546 (nam
767 3461 903 3529 Homeri
927 3469 1002 3528 sunt
1024 3468 1077 3548 25,
1100 3469 1129 3528 3.
1153 3468 1207 3548 40,
1230 3467 1293 3550 10),
1317 3486 1355 3531 eo

290 3570 415 3653 saepius
444 3574 527 3656 μετά.
563 3568 704 3636 adverbii
731 3570 798 3636 vice
821 3570 965 3655 fungitur
987 3573 1097 3638 iuncta
1124 3593 1196 3637 cum
1224 3573 1357 3638 nomini-

288 3674 348 3741 bus
379 3675 550 3742 abstractis
581 3679 674 3759 3,14
704 3674 772 3741 οὐδὲ
801 3675 922 3750 ἐκείνοις
951 3682 1003 3764 μὲν
1032 3678 1092 3742 ἔστι
1121 3677 1182 3765 μετ’
1212 3676 1357 3766 ὠφελείας

288 3785 433 3868 χρῆσθαι,
457 3792 517 3855 τοῖς
540 3783 572 3846 δὲ
595 3781 705 3864 ὀλίγοις
720 3786 771 3848 καί
787 3781 912 3848 εὐτελέσι
928 3789 1003 3871 μετὰ
1018 3788 1208 3875 συρροσίννης
1227 3783 1282 3850 οὐκ
1297 3787 1356 3851 ἔστι

288 3893 338 3954 καί
365 3888 498 3978 ἀτυφίας.
534 3886 617 3957 ‘Der
643 3891 841 3958 klassischen
863 3892 939 3957 Zeit
965 3893 1008 3958 ist
1036 3893 1123 3958 diese
1150 3892 1354 3960 Ausdruoks·

286 3997 379 4062 weise
413 3994 531 4064 fremd'
560 3997 799 4064 Μυίυίειίιυιιε2
830 4021 863 4082 p.
890 4003 963 4065 179.
998 4000 1175 4086 Polybiane
1210 4001 1355 4084 exempla

287 4105 448 4187 congessit
470 4104 528 4172 Fr.
552 4104 661 4170 Krebs
687 4110 750 4171 Die
767 4114 906 4190 prdpos.
930 4110 984 4173 ber·
1007 4111 1165 4191 Polybius
1189 4129 1221 4191 p.
1240 4111 1280 4172 59
1306 4129 1353 4192 sq.

286 4208 350 4296 ἅμα
373 4211 471 4276 semel
493 4211 664 4278 adhibetur
686 4214 935 4297 praepositionis
958 4215 1061 4280 instar
1083 4219 1134 4297 32,
1155 4217 1194 4279 16
1218 4211 1282 4302 ἅμα
1297 4220 1353 4300 γὰρ

286 4328 321 4406 τῇ
345 4316 427 4405 ἀρχῇ
450 4320 548 4383 πολλὰ
573 4319 873 4392 ...ἀναπεπλοίκασυ
908 4322 1004 4387 etiam
1026 4322 1087 4386 hoo
1111 4322 1238 4387 nomine
1255 4323 1353 4388 distat
