3388 5236
786 571 1007 632 ..34-

362 759 507 826 infinitivi
528 766 606 846 post
627 783 805 846 pronomen
829 769 913 828 τοῦτό
936 787 983 846 γε,
1012 785 1084 829 cum
1108 785 1174 830 non
1197 763 1280 830 desit
1302 764 1335 829 in
1358 786 1430 848 pro·

362 869 454 934 ximis
477 872 614 942 καὶπῶς
637 868 672 934 ἂν
695 869 740 958 εἴη
763 879 856 940 τοῦτο,
870 869 1042 960 ἀνιλήρημα,
1066 869 1133 936 ἀλλ’
1150 869 1205 936 οὒκ
1228 869 1253 936 εἰ
1277 872 1321 936 δεῖ
1343 871 1429 939 εἰπεῖν

363 971 456 1050 οὕτως
483 974 660 1066 εὐκλήρημα
691 981 729 1042 τὸ
758 989 864 1060 γνῶναι
889 975 949 1043 νιτὲ.
996 979 1112 1045 etenim
1141 979 1224 1044 inter
1250 1001 1429 1062 pronomen

362 1091 446 1146 τοῦτο
476 1088 509 1149 et
538 1083 726 1150 infinitivum
755 1085 922 1168 complura
951 1091 1026 1151 sunt
1055 1085 1153 1152 verba
1181 1087 1362 1170 interiecta,
1392 1091 1428 1152 ut

362 1189 486 1258 articuli
514 1193 547 1265 τὸ
574 1190 605 1255 vi
633 1191 883 1259 demonstrativa
909 1191 987 1257 illud
1014 1201 1099 1257 τοῦτο
1121 1199 1301 1259 revocetur.
1339 1197 1428 1276 19‚3

363 1294 430 1361 ἀλλ’
446 1295 528 1384 ὅμως
551 1304 627 1384 μέγα
651 1321 701 1385 μοι
724 1299 805 1363 δοκεῖ
828 1302 861 1364 τὸ
884 1296 914 1363 ἐν
937 1296 957 1384 ᾖ
980 1297 1091 1381 ἐγένετο
1115 1323 1159 1373 τις
1179 1303 1231 1364 οιαὶ
1254 1297 1377 1388 ἐτράφη,
1397 1297 1428 1366 ἐν

362 1407 454 1489 ταὺτιρ
478 1409 704 1488 καταγενέοθαι.
738 1408 828 1486 21,2
852 1405 932 1471 ἀλλὰ
954 1411 988 1470 τό
1010 1430 1043 1488 γε
1066 1404 1096 1471 έν
1118 1417 1156 1492 τῇ
1176 1404 1237 1490 ἰδία
1260 1411 1303 1495 μὴ
1326 1404 1428 1481 ἐξεῖναι

361 1523 490 1601 ταφῆναι
512 1523 577 1586 πῶς
600 1509 655 1578 οὖν
678 1512 802 1591 ὄνειδος
825 1513 889 1580 hcc
913 1513 1089 1598 exemplum
1112 1513 1249 1580 fortasse
1272 1515 1345 1580 ideo
1364 1535 1427 1579 me·

361 1619 527 1704 motabile,
552 1621 638 1704 quod
663 1621 745 1686 alter
769 1620 809 1686 ab
834 1621 936 1687 altero
961 1620 1080 1705 pendet
1103 1620 1287 1705 infinitivus,
1315 1621 1372 1687 sed
1394 1621 1426 1686 id

361 1728 488 1810 saepius
505 1727 667 1794 observes:
694 1734 724 1812 6,
741 1734 773 1796 8.
798 1732 850 1810 al,
871 1733 920 1796 10.
948 1732 1000 1812 34,
1016 1732 1048 1793 4.
1071 1733 1195 1813 46,10.
1220 1732 1270 1793 12.
1296 1732 1334 1793 13
1355 1751 1425 1814 sqq.

360 1835 393 1899 in
416 1836 560 1920 exemplo
584 1836 645 1902 hoo
669 1841 758 1920 27‚1
788 1834 856 1902 ἀλλ’
878 1835 977 1924 ὅμοιόν
1001 1835 1061 1902 ἐστι
1082 1842 1115 1902 τὸ
1139 1835 1234 1911 οὕτως
1255 1838 1333 1926 ἔχειν
1353 1842 1427 1921 <aar

361 1945 394 2007 τὸ
418 1945 460 2029 μὴ
484 1941 581 2030 ἔχειν>
599 1943 638 2011 de
655 1943 771 2009 Arnim
793 1945 893 2028 recipi
907 1945 974 2009 vult
997 1945 1132 2011 alteram
1155 1967 1250 2029 quam
1265 1945 1377 2012 Hense
1393 1946 1427 2010 in

360 2048 570 2119 adnotatione
585 2058 799 2137 proposuerat
814 2052 986 2118 lectionem
1002 2059 1064 2138 <ap
1080 2057 1122 2140 μὴ
1139 2051 1236 2141 ἔχειν>
1257 2053 1315 2118 sed
1335 2050 1427 2126 οὕτως

360 2179 437 2223 voce
469 2158 584 2227 deleta.
628 2159 753 2244 reliqna
783 2164 858 2225 sunt
888 2159 1033 2243 exempla
1062 2159 1142 2226 haec
1174 2181 1257 2244 quae
1286 2161 1426 2226 numeris

359 2264 517 2330 indicasse
541 2266 618 2331 satis
641 2267 696 2331 sit:
722 2269 774 2348 21,
793 2271 822 2333 9.
848 2271 901 2348 27,
917 2269 966 2332 lo.
991 2270 1115 2349 4113.
1139 2271 1260 2350 45,10.
1289 2267 1425 2352 denique

360 2371 528 2438 articulum
559 2372 740 2439 addendum
772 2393 841 2438 esse
870 2373 903 2437 in
932 2372 981 2438 his
1013 2378 1103 2457 33,s
1127 2385 1168 2458 τῷ
1191 2373 1249 2438 ὄντι
1272 2379 1348 2460 μέγα
1375 2378 1426 2438 νιαὶ

360 2477 511 2561 ἀξιόλογον
535 2483 585 2543 καὶ
609 2485 707 2567 πήρας
729 2482 780 2543 καὶ
795 2483 916 2566 θέρμων
931 2483 982 2544 καὶ
1000 2481 1139 2569 λαχάνων
1154 2484 1206 2545 καὶ
1220 2478 1328 2553 ὕδατος
1344 2485 1425 2551 (τὸ)

360 2585 487 2672 μηδενὸς
510 2590 674 2674 φροντίζειν,
699 2583 766 2651 ἀλλ’
781 2584 853 2652 εἶναι
868 2585 1041 2652 ἀθὼπευτον
1056 2591 1109 2651 καὶ
1125 2586 1325 2655 ἀκολάκευτον
1340 2611 1425 2655 nuno

358 2713 409 2757 me
431 2696 542 2758 monet
564 2691 685 2760 Hense.
720 2714 794 2757 nam
816 2713 875 2775 per
891 2697 968 2776 (τὸ)
986 2695 1114 2782 μηδενὸς
1136 2699 1290 2785 φροντίζειν
1312 2701 1425 2781 aperte

358 2799 473 2881 respici
496 2797 636 2866 Cratetis
665 2798 745 2864 illud
775 2799 862 2884 quod
892 2801 1056 2883 praecedit
1087 2805 1176 2884 33,ss
1206 2806 1242 2868 τὸ
1273 2805 1425 2891 μηδενὸς

359 2907 477 2992 μέλειν
500 2912 638 2991 apteque
655 2907 790 2974 articulo
807 2908 977 2974 interiecto
1002 2906 1230 2984 (1111111111δατος
1246 2912 1425 2994 genetivum

360 3019 393 3080 et
422 3015 557 3101 μηδενός.
601 3013 715 3097 quibus
745 3014 925 3081 rationibus
956 3037 1016 3100 ego
1046 3016 1140 3100 plane
1171 3017 1351 3101 subscribo,
1383 3018 1424 3086 cf.

358 3120 502 3186 Birklein
524 3121 545 3186 1.
563 3141 591 3185 ο.
607 3142 640 3203 p.
658 3125 710 3188 96.
746 3121 935 3205 scripseram
960 3122 1041 3188 haec
1064 3144 1137 3188 cum
1159 3124 1223 3189 vidi
1244 3124 1330 3190 idem
1353 3147 1424 3209 sup·

359 3228 552 3311 plementum
578 3249 660 3293 nuno
682 3229 861 3312 repperisse
885 3227 1053 3296 Sitzlerum
1075 3230 1096 3294 1.
1114 3252 1142 3295 ο.
1158 3253 1190 3314 p.
1209 3237 1284 3296 278.

368 3383 370 3389 -
426 3335 543 3400 obiecti
565 3335 649 3401 vices
673 3340 762 3401 tenet
784 3335 955 3401 infinitivus
980 3359 1051 3402 cum
1075 3338 1211 3405 articulo
1237 3339 1424 3406 coniunctus

358 3442 391 3506 in
413 3442 477 3506 his:
504 3447 533 3522 7,
558 3447 578 3506 8
602 3439 699 3528 (ὅταν)
723 3446 755 3507 τὸ
780 3440 1018 3528 ἐργάζεσθαι...
1035 3449 1223 3532 αἰνιρίνωμεν
1241 3446 1297 3512 ubi
1318 3447 1424 3513 hiatus

359 3549 521 3632 quomodo
545 3549 720 3632 explendus
745 3549 787 3614 sit
809 3550 976 3616 incertum.
1016 3555 1102 3632 lae
1127 3551 1209 3640 ὅμως
1237 3555 1269 3618 δέ
1297 3559 1372 3641 μέγα
1399 3579 1424 3619 τι

358 3659 430 3744 φασὶ
457 3659 490 3720 τὸ
516 3652 547 3720 ἐν
573 3653 597 3741 ᾖ
625 3654 738 3738 ἐγένετό
764 3679 808 3728 τις
834 3661 885 3721 1ιαί
908 3655 1035 3746 ἐτράφη,
1064 3656 1093 3725 ἐν
1120 3662 1212 3746 ταυτῃ
1234 3666 1423 3748 καταβιῶναι.

360 3767 449 3845 20,9
474 3765 507 3827 τὸ
531 3764 564 3827 δέ
587 3767 722 3849 μέτοικον
746 3761 817 3828 εἶναι
840 3763 950 3839 ὄνειδος
972 3764 1146 3854 ἡγοὺμεθας
1169 3772 1223 3845 45,
1248 3772 1287 3836 15
1311 3766 1345 3833 od
1368 3774 1424 3856 γὰρ

358 3866 460 3954 ὀρθῶς
482 3873 553 3959 φησὶ
576 3872 788 3958 βουλευομένου
811 3869 827 3936 ὁ
851 3871 980 3939 Στίλπων
996 3877 1028 3938 τὸ
1048 3875 1095 3938 διὰ
1111 3877 1178 3949 τοὺς
1194 3874 1425 3963 ἀπογενομένους

357 3987 414 4041 τῶν
442 3981 555 4050 ζώντων
582 3975 738 4064 ὀλιγωρεῖν.
773 3979 865 4044 valde
895 3981 1050 4046 usitatum
1076 3981 1139 4047 hcc
1167 4004 1268 4067 genus
1293 3983 1424 4050 Platoni

358 4105 428 4150 esse
452 4084 548 4150 docet
570 4085 715 4152 Birklein
737 4087 758 4151 1.
776 4108 803 4154 c.
820 4108 852 4170 p.
871 4092 888 4151 7
893 4091 923 4156 5.

423 4192 557 4258 verbum
580 4194 759 4277 genetivum
781 4214 896 4278 regens
915 4194 1015 4262 habet
1037 4195 1224 4262 infinitivum
1249 4202 1302 4282 35,
1320 4203 1338 4263 3
1362 4220 1424 4264 τιυ-

357 4300 474 4366 λὸονται
496 4309 547 4364 τοῦ
570 4302 734 4388 σχολάζειν.
