<?xml version="1.0" encoding="UTF-8"?>
<!DOCTYPE html PUBLIC "-//W3C//DTD XHTML 1.0 Transitional//EN"
    "http://www.w3.org/TR/xhtml1/DTD/xhtml1-transitional.dtd">
<html xmlns="http://www.w3.org/1999/xhtml" xml:lang="en" lang="en">
 <head>
  <title>
</title>
<meta http-equiv="Content-Type" content="text/html;charset=utf-8" />
  <meta name='ocr-system' content='tesseract 3.04.00' />
  <meta name='ocr-capabilities' content='ocr_page ocr_carea ocr_par ocr_line ocrx_word'/>
</head>
<body>
  <div class='ocr_page' id='page_1' title='image "./deteletiselocut00mlgoog_0042.png"; bbox 0 0 3388 5236; ppageno 0'>
   <div class='ocr_carea' id='block_1_1' title="bbox 720 570 939 631">
    <p class='ocr_par' dir='ltr' id='par_1_1' title="bbox 720 570 939 631">
     <span class='ocr_line' id='line_1_1' title="bbox 720 570 939 631; baseline 0.005 -17"><span class='ocrx_word' id='word_1_1' title='bbox 720 570 939 631; x_wconf 83' lang='lat'><strong>-35..</strong></span> 
     </span>
    </p>
   </div>
   <div class='ocr_carea' id='block_1_2' title="bbox 294 761 1454 4380">
    <p class='ocr_par' dir='ltr' id='par_1_2' title="bbox 296 761 1364 955">
     <span class='ocr_line' id='line_1_2' title="bbox 364 761 1364 846; baseline 0.001 -20"><span class='ocrx_word' id='word_1_2' title='bbox 364 761 528 844; x_wconf 78' lang='lat' dir='ltr'>genetivus</span> <span class='ocrx_word' id='word_1_3' title='bbox 551 761 799 844; x_wconf 83' lang='lat' dir='ltr'>comparationis</span> <span class='ocrx_word' id='word_1_4' title='bbox 821 762 980 845; x_wconf 87' lang='lat' dir='ltr'>reperitur</span> <span class='ocrx_word' id='word_1_5' title='bbox 997 762 1030 826; x_wconf 94' lang='lat' dir='ltr'>in</span> <span class='ocrx_word' id='word_1_6' title='bbox 1051 761 1114 826; x_wconf 92' lang='lat' dir='ltr'>his:</span> <span class='ocrx_word' id='word_1_7' title='bbox 1148 765 1175 844; x_wconf 87' lang='lat'>1,</span> <span class='ocrx_word' id='word_1_8' title='bbox 1193 766 1212 826; x_wconf 84' lang='lat'>3</span> <span class='ocrx_word' id='word_1_9' title='bbox 1236 766 1364 846; x_wconf 82' lang='grc' dir='ltr'>κρεῖττόν</span> 
     </span>
     <span class='ocr_line' id='line_1_3' title="bbox 296 866 1259 955; baseline 0.003 -25"><span class='ocrx_word' id='word_1_10' title='bbox 296 889 369 955; x_wconf 80' lang='grc' dir='ltr'>φασι</span> <span class='ocrx_word' id='word_1_11' title='bbox 391 871 423 931; x_wconf 86' lang='grc' dir='ltr'>τὸ</span> <span class='ocrx_word' id='word_1_12' title='bbox 447 869 542 934; x_wconf 99' lang='grc' dir='ltr'>δοκεῖν</span> <span class='ocrx_word' id='word_1_13' title='bbox 566 869 677 933; x_wconf 81' lang='grc' dir='ltr'>δίκαιον</span> <span class='ocrx_word' id='word_1_14' title='bbox 699 866 770 932; x_wconf 84' lang='grc' dir='ltr'>εἶναι</span> <span class='ocrx_word' id='word_1_15' title='bbox 792 877 852 932; x_wconf 85' lang='grc' dir='ltr'>τοῦ</span> <span class='ocrx_word' id='word_1_16' title='bbox 875 866 977 947; x_wconf 83' lang='grc' dir='ltr'>εἶναι,</span> <span class='ocrx_word' id='word_1_17' title='bbox 1000 869 1079 934; x_wconf 90' lang='lat' dir='ltr'>item</span> <span class='ocrx_word' id='word_1_18' title='bbox 1105 872 1133 952; x_wconf 96' lang='grc'><strong>1,</strong></span> <span class='ocrx_word' id='word_1_19' title='bbox 1149 872 1181 932; x_wconf 90' lang='lat'>4.</span> <span class='ocrx_word' id='word_1_20' title='bbox 1208 872 1259 933; x_wconf 92' lang='grc'><strong>11.</strong></span> 
     </span>
    </p>

    <p class='ocr_par' dir='ltr' id='par_1_3' title="bbox 296 973 1364 1169">
     <span class='ocr_line' id='line_1_4' title="bbox 364 973 1364 1064; baseline 0.001 -25"><span class='ocrx_word' id='word_1_21' title='bbox 364 973 489 1040; x_wconf 81' lang='lat' dir='ltr'><strong>dativus</strong></span> <span class='ocrx_word' id='word_1_22' title='bbox 510 976 651 1041; x_wconf 81' lang='lat' dir='ltr'>occurrit</span> <span class='ocrx_word' id='word_1_23' title='bbox 672 980 724 1059; x_wconf 98' lang='grc'>36,</span> <span class='ocrx_word' id='word_1_24' title='bbox 744 979 761 1040; x_wconf 93' lang='grc'><strong>1</strong></span> <span class='ocrx_word' id='word_1_25' title='bbox 778 977 854 1040; x_wconf 79' lang='grc' dir='ltr'>πολὺ</span> <span class='ocrx_word' id='word_1_26' title='bbox 874 973 1094 1064; x_wconf 78' lang='grc' dir='ltr'>εὐσχολὼτερος</span> <span class='ocrx_word' id='word_1_27' title='bbox 1113 973 1184 1042; x_wconf 84' lang='grc' dir='ltr'>εἶναι</span> <span class='ocrx_word' id='word_1_28' title='bbox 1207 987 1248 1060; x_wconf 81' lang='grc' dir='ltr'>τῷ</span> <span class='ocrx_word' id='word_1_29' title='bbox 1271 976 1364 1064; x_wconf 83' lang='grc' dir='ltr'>μηδέν</span> 
     </span>
     <span class='ocr_line' id='line_1_5' title="bbox 296 1077 447 1169; baseline 0.013 -24"><span class='ocrx_word' id='word_1_30' title='bbox 296 1077 447 1169; x_wconf 78' lang='grc' dir='ltr'><strong>ὑπάρχειν.</strong></span> 
     </span>
    </p>

    <p class='ocr_par' dir='ltr' id='par_1_4' title="bbox 295 1189 1365 2024">
     <span class='ocr_line' id='line_1_6' title="bbox 363 1189 1363 1274; baseline 0 -20"><span class='ocrx_word' id='word_1_31' title='bbox 363 1210 384 1254; x_wconf 91' lang='lat' dir='ltr'>a</span> <span class='ocrx_word' id='word_1_32' title='bbox 412 1189 652 1274; x_wconf 81' lang='lat' dir='ltr'>praepositione</span> <span class='ocrx_word' id='word_1_33' title='bbox 667 1189 753 1255; x_wconf 87' lang='lat' dir='ltr'>haud</span> <span class='ocrx_word' id='word_1_34' title='bbox 775 1211 850 1256; x_wconf 89' lang='lat' dir='ltr'>raro</span> <span class='ocrx_word' id='word_1_35' title='bbox 866 1190 986 1274; x_wconf 85' lang='lat' dir='ltr'>pendet</span> <span class='ocrx_word' id='word_1_36' title='bbox 1007 1189 1181 1255; x_wconf 87' lang='lat' dir='ltr'>infinitivus</span> <span class='ocrx_word' id='word_1_37' title='bbox 1201 1212 1273 1255; x_wconf 89' lang='lat' dir='ltr'>oum</span> <span class='ocrx_word' id='word_1_38' title='bbox 1289 1190 1363 1256; x_wconf 87' lang='lat' dir='ltr'>arti-</span> 
     </span>
     <span class='ocr_line' id='line_1_7' title="bbox 297 1293 1365 1385; baseline 0 -25"><span class='ocrx_word' id='word_1_39' title='bbox 297 1296 379 1361; x_wconf 89' lang='lat' dir='ltr'>culo.</span> <span class='ocrx_word' id='word_1_40' title='bbox 418 1319 438 1362; x_wconf 90' lang='lat' dir='ltr'>a</span> <span class='ocrx_word' id='word_1_41' title='bbox 460 1303 516 1381; x_wconf 79' lang='lat' dir='ltr'>apd</span> <span class='ocrx_word' id='word_1_42' title='bbox 530 1298 768 1383; x_wconf 81' lang='lat' dir='ltr'>praepositione</span> <span class='ocrx_word' id='word_1_43' title='bbox 792 1301 905 1379; x_wconf 83' lang='lat'>45,13</span> <span class='ocrx_word' id='word_1_44' title='bbox 929 1302 1052 1383; x_wconf 73' lang='grc' dir='ltr'>προτοῦ</span> <span class='ocrx_word' id='word_1_45' title='bbox 1068 1299 1249 1385; x_wconf 78' lang='grc' dir='ltr'>τελευτῆσαι.</span> <span class='ocrx_word' id='word_1_46' title='bbox 1281 1319 1302 1362; x_wconf 89' lang='lat' dir='ltr'>a</span> <span class='ocrx_word' id='word_1_47' title='bbox 1316 1293 1365 1361; x_wconf 75' lang='grc' dir='ltr'>διά</span> 
     </span>
     <span class='ocr_line' id='line_1_8' title="bbox 299 1401 1363 1491; baseline -0.001 -22"><span class='ocrx_word' id='word_1_48' title='bbox 299 1407 328 1486; x_wconf 84' lang='lat'>1,</span> <span class='ocrx_word' id='word_1_49' title='bbox 346 1407 364 1466; x_wconf 84' lang='lat'>5</span> <span class='ocrx_word' id='word_1_50' title='bbox 389 1404 493 1469; x_wconf 82' lang='grc' dir='ltr'>διὰτὸ</span> <span class='ocrx_word' id='word_1_51' title='bbox 517 1406 614 1471; x_wconf 77' lang='grc' dir='ltr'>δοκεῖν</span> <span class='ocrx_word' id='word_1_52' title='bbox 637 1404 748 1486; x_wconf 78' lang='grc' dir='ltr'>ἀγαθοὶ</span> <span class='ocrx_word' id='word_1_53' title='bbox 771 1401 921 1490; x_wconf 79' lang='grc' dir='ltr'>ὑποκριταὶ</span> <span class='ocrx_word' id='word_1_54' title='bbox 944 1403 1014 1469; x_wconf 88' lang='grc' dir='ltr'>εἶναι</span> <span class='ocrx_word' id='word_1_55' title='bbox 1030 1402 1108 1489; x_wconf 81' lang='grc' dir='ltr'>&lt;εἶι&gt;</span> <span class='ocrx_word' id='word_1_56' title='bbox 1125 1401 1363 1491; x_wconf 76' lang='grc' dir='ltr'>ὁποκρίνονταιῆ</span> 
     </span>
     <span class='ocr_line' id='line_1_9' title="bbox 298 1509 1363 1600; baseline 0.003 -27"><span class='ocrx_word' id='word_1_57' title='bbox 298 1511 346 1573; x_wconf 88' lang='grc' dir='ltr'>διὰ</span> <span class='ocrx_word' id='word_1_58' title='bbox 369 1515 401 1575; x_wconf 82' lang='grc' dir='ltr'>τὸ</span> <span class='ocrx_word' id='word_1_59' title='bbox 424 1509 510 1589; x_wconf 87' lang='grc' dir='ltr'>εἶναι;</span> <span class='ocrx_word' id='word_1_60' title='bbox 534 1513 580 1577; x_wconf 80' lang='grc' dir='ltr'>εἰσ</span> <span class='ocrx_word' id='word_1_61' title='bbox 606 1515 634 1593; x_wconf 93' lang='grc'><strong>1,</strong></span> <span class='ocrx_word' id='word_1_62' title='bbox 654 1517 683 1576; x_wconf 97' lang='grc'>7.</span> <span class='ocrx_word' id='word_1_63' title='bbox 708 1517 739 1576; x_wconf 87' lang='grc' dir='ltr'>θ.</span> <span class='ocrx_word' id='word_1_64' title='bbox 764 1517 795 1595; x_wconf 79' lang='grc'>2,</span> <span class='ocrx_word' id='word_1_65' title='bbox 815 1517 865 1580; x_wconf 92' lang='grc'>16.</span> <span class='ocrx_word' id='word_1_66' title='bbox 892 1513 968 1577; x_wconf 91' lang='lat' dir='ltr'>item</span> <span class='ocrx_word' id='word_1_67' title='bbox 991 1518 1064 1600; x_wconf 86' lang='grc' dir='ltr'>πρός</span> <span class='ocrx_word' id='word_1_68' title='bbox 1087 1512 1147 1578; x_wconf 92' lang='lat' dir='ltr'>sibi</span> <span class='ocrx_word' id='word_1_69' title='bbox 1162 1513 1302 1578; x_wconf 85' lang='lat' dir='ltr'>adsumit</span> <span class='ocrx_word' id='word_1_70' title='bbox 1317 1513 1363 1576; x_wconf 91' lang='lat' dir='ltr'>in·</span> 
     </span>
     <span class='ocr_line' id='line_1_10' title="bbox 295 1616 1364 1709; baseline 0.003 -29"><span class='ocrx_word' id='word_1_71' title='bbox 295 1616 449 1684; x_wconf 88' lang='lat' dir='ltr'>finitivum</span> <span class='ocrx_word' id='word_1_72' title='bbox 474 1639 546 1683; x_wconf 90' lang='lat' dir='ltr'>oum</span> <span class='ocrx_word' id='word_1_73' title='bbox 562 1619 696 1685; x_wconf 83' lang='lat' dir='ltr'>articulo</span> <span class='ocrx_word' id='word_1_74' title='bbox 722 1623 774 1702; x_wconf 85' lang='lat'>34,</span> <span class='ocrx_word' id='word_1_75' title='bbox 793 1624 812 1683; x_wconf 77' lang='grc'>2</span> <span class='ocrx_word' id='word_1_76' title='bbox 835 1623 909 1704; x_wconf 81' lang='grc' dir='ltr'><strong>πρὸς</strong></span> <span class='ocrx_word' id='word_1_77' title='bbox 932 1623 964 1683; x_wconf 86' lang='grc' dir='ltr'>τὸ</span> <span class='ocrx_word' id='word_1_78' title='bbox 979 1621 1157 1709; x_wconf 76' lang='grc' dir='ltr'>φιλοσοφεῖν,</span> <span class='ocrx_word' id='word_1_79' title='bbox 1181 1620 1207 1684; x_wconf 92' lang='lat' dir='ltr'>si</span> <span class='ocrx_word' id='word_1_80' title='bbox 1224 1642 1299 1686; x_wconf 85' lang='lat' dir='ltr'>vera</span> <span class='ocrx_word' id='word_1_81' title='bbox 1315 1624 1364 1685; x_wconf 88' lang='lat' dir='ltr'>est</span> 
     </span>
     <span class='ocr_line' id='line_1_11' title="bbox 295 1723 1364 1813; baseline 0.003 -24"><span class='ocrx_word' id='word_1_82' title='bbox 295 1725 406 1807; x_wconf 86' lang='lat' dir='ltr'>leotio;</span> <span class='ocrx_word' id='word_1_83' title='bbox 433 1729 545 1805; x_wconf 64' lang='lat'>3413</span> <span class='ocrx_word' id='word_1_84' title='bbox 568 1730 643 1812; x_wconf 83' lang='grc' dir='ltr'>πρὸς</span> <span class='ocrx_word' id='word_1_85' title='bbox 665 1730 699 1790; x_wconf 83' lang='grc' dir='ltr'>τὸ</span> <span class='ocrx_word' id='word_1_86' title='bbox 721 1735 816 1791; x_wconf 81' lang='grc' dir='ltr'>πονεῖν</span> <span class='ocrx_word' id='word_1_87' title='bbox 839 1723 859 1813; x_wconf 80' lang='grc' dir='ltr'>ἢ</span> <span class='ocrx_word' id='word_1_88' title='bbox 883 1730 976 1813; x_wconf 78' lang='grc' dir='ltr'>ζητεῖν</span> <span class='ocrx_word' id='word_1_89' title='bbox 997 1750 1023 1791; x_wconf 92' lang='grc' dir='ltr'>τι</span> <span class='ocrx_word' id='word_1_90' title='bbox 1048 1730 1100 1812; x_wconf 84' lang='grc'>35,</span> <span class='ocrx_word' id='word_1_91' title='bbox 1117 1730 1148 1791; x_wconf 89' lang='lat'>4.</span> <span class='ocrx_word' id='word_1_92' title='bbox 1175 1732 1204 1794; x_wconf 92' lang='grc'>7.</span> <span class='ocrx_word' id='word_1_93' title='bbox 1232 1730 1281 1793; x_wconf 78' lang='grc'>12.</span> <span class='ocrx_word' id='word_1_94' title='bbox 1307 1726 1364 1792; x_wconf 88' lang='lat' dir='ltr'>sed</span> 
     </span>
     <span class='ocr_line' id='line_1_12' title="bbox 296 1830 1364 1916; baseline 0.003 -21"><span class='ocrx_word' id='word_1_95' title='bbox 296 1830 335 1896; x_wconf 88' lang='lat' dir='ltr'>de</span> <span class='ocrx_word' id='word_1_96' title='bbox 368 1832 585 1916; x_wconf 85' lang='lat' dir='ltr'>compluribus</span> <span class='ocrx_word' id='word_1_97' title='bbox 617 1834 731 1899; x_wconf 91' lang='lat' dir='ltr'>horum</span> <span class='ocrx_word' id='word_1_98' title='bbox 764 1832 982 1915; x_wconf 89' lang='lat' dir='ltr'>exemplorum</span> <span class='ocrx_word' id='word_1_99' title='bbox 1013 1833 1097 1900; x_wconf 89' lang='lat' dir='ltr'>infra</span> <span class='ocrx_word' id='word_1_100' title='bbox 1127 1833 1277 1900; x_wconf 89' lang='lat' dir='ltr'>traotabo</span> <span class='ocrx_word' id='word_1_101' title='bbox 1309 1833 1364 1900; x_wconf 92' lang='lat' dir='ltr'>ubi</span> 
     </span>
     <span class='ocr_line' id='line_1_13' title="bbox 295 1938 915 2024; baseline 0.006 -22"><span class='ocrx_word' id='word_1_102' title='bbox 295 1938 507 2005; x_wconf 82' lang='lat' dir='ltr'>illustrabitur</span> <span class='ocrx_word' id='word_1_103' title='bbox 529 1961 605 2006; x_wconf 91' lang='lat' dir='ltr'>usus</span> <span class='ocrx_word' id='word_1_104' title='bbox 628 1941 915 2024; x_wconf 76' lang='lat' dir='ltr'>praepositionum,</span> 
     </span>
    </p>

    <p class='ocr_par' dir='ltr' id='par_1_5' title="bbox 295 2043 1364 2451">
     <span class='ocr_line' id='line_1_14' title="bbox 362 2043 1363 2132; baseline 0 -22"><span class='ocrx_word' id='word_1_105' title='bbox 362 2044 515 2129; x_wconf 86' lang='lat' dir='ltr'>Sequitur</span> <span class='ocrx_word' id='word_1_106' title='bbox 537 2052 574 2112; x_wconf 93' lang='lat' dir='ltr'>ut</span> <span class='ocrx_word' id='word_1_107' title='bbox 597 2047 636 2111; x_wconf 91' lang='lat' dir='ltr'>de</span> <span class='ocrx_word' id='word_1_108' title='bbox 659 2047 870 2131; x_wconf 81' lang='lat' dir='ltr'>participio</span> <span class='ocrx_word' id='word_1_109' title='bbox 894 2046 1006 2111; x_wconf 85' lang='lat' dir='ltr'>dicam.</span> <span class='ocrx_word' id='word_1_110' title='bbox 1040 2045 1080 2112; x_wconf 85' lang='lat' dir='ltr'>de</span> <span class='ocrx_word' id='word_1_111' title='bbox 1099 2049 1280 2132; x_wconf 75' lang='grc' dir='ltr'>τεθαμμένοι</span> <span class='ocrx_word' id='word_1_112' title='bbox 1295 2043 1363 2111; x_wconf 81' lang='grc' dir='ltr'>εἰσίν</span> 
     </span>
     <span class='ocr_line' id='line_1_15' title="bbox 297 2153 1364 2241; baseline 0.001 -25"><span class='ocrx_word' id='word_1_113' title='bbox 297 2156 349 2237; x_wconf 85' lang='grc'><strong>21,</strong></span> <span class='ocrx_word' id='word_1_114' title='bbox 368 2158 385 2217; x_wconf 95' lang='grc'><strong>7</strong></span> <span class='ocrx_word' id='word_1_115' title='bbox 410 2156 693 2240; x_wconf 73' lang='grc' dir='ltr'>κατακεκλεισμένος</span> <span class='ocrx_word' id='word_1_116' title='bbox 715 2154 769 2240; x_wconf 74' lang='grc' dir='ltr'>ἔσῃ</span> <span class='ocrx_word' id='word_1_117' title='bbox 795 2158 824 2235; x_wconf 81' lang='grc'>2,</span> <span class='ocrx_word' id='word_1_118' title='bbox 845 2157 887 2218; x_wconf 90' lang='grc'>14</span> <span class='ocrx_word' id='word_1_119' title='bbox 910 2153 1049 2241; x_wconf 87' lang='lat' dir='ltr'>(Krueg.</span> <span class='ocrx_word' id='word_1_120' title='bbox 1068 2157 1120 2238; x_wconf 84' lang='lat'>56,</span> <span class='ocrx_word' id='word_1_121' title='bbox 1138 2157 1169 2236; x_wconf 89' lang='lat'>3,</span> <span class='ocrx_word' id='word_1_122' title='bbox 1188 2155 1220 2240; x_wconf 92' lang='lat'>1)</span> <span class='ocrx_word' id='word_1_123' title='bbox 1236 2158 1364 2235; x_wconf 78' lang='grc' dir='ltr'>γεγονὼς</span> 
     </span>
     <span class='ocr_line' id='line_1_16' title="bbox 295 2259 1363 2348; baseline 0 -24"><span class='ocrx_word' id='word_1_124' title='bbox 295 2259 331 2325; x_wconf 81' lang='grc' dir='ltr'>ἂν</span> <span class='ocrx_word' id='word_1_125' title='bbox 353 2259 399 2348; x_wconf 81' lang='grc' dir='ltr'>εἴη</span> <span class='ocrx_word' id='word_1_126' title='bbox 423 2260 561 2347; x_wconf 86' lang='lat' dir='ltr'>(Krueg.</span> <span class='ocrx_word' id='word_1_127' title='bbox 577 2261 598 2325; x_wconf 89' lang='lat' dir='ltr'>l.</span> <span class='ocrx_word' id='word_1_128' title='bbox 616 2283 644 2328; x_wconf 87' lang='grc' dir='ltr'>ο.</span> <span class='ocrx_word' id='word_1_129' title='bbox 662 2265 697 2347; x_wconf 85' lang='grc'>3)</span> <span class='ocrx_word' id='word_1_130' title='bbox 721 2260 868 2327; x_wconf 85' lang='lat' dir='ltr'>conferas</span> <span class='ocrx_word' id='word_1_131' title='bbox 891 2261 933 2325; x_wconf 94' lang='lat' dir='ltr'>sis</span> <span class='ocrx_word' id='word_1_132' title='bbox 957 2282 1039 2344; x_wconf 90' lang='lat' dir='ltr'>quae</span> <span class='ocrx_word' id='word_1_133' title='bbox 1063 2282 1160 2343; x_wconf 89' lang='lat' dir='ltr'>supra</span> <span class='ocrx_word' id='word_1_134' title='bbox 1179 2260 1314 2326; x_wconf 89' lang='lat' dir='ltr'>diximus</span> <span class='ocrx_word' id='word_1_135' title='bbox 1329 2261 1363 2324; x_wconf 92' lang='lat' dir='ltr'>in</span> 
     </span>
     <span class='ocr_line' id='line_1_17' title="bbox 296 2366 1123 2451; baseline -0.001 -19"><span class='ocrx_word' id='word_1_136' title='bbox 296 2367 400 2450; x_wconf 84' lang='lat' dir='ltr'>eapite</span> <span class='ocrx_word' id='word_1_137' title='bbox 424 2366 464 2433; x_wconf 90' lang='lat' dir='ltr'>de</span> <span class='ocrx_word' id='word_1_138' title='bbox 487 2368 596 2434; x_wconf 88' lang='lat' dir='ltr'>formis</span> <span class='ocrx_word' id='word_1_139' title='bbox 619 2367 848 2434; x_wconf 81' lang='lat' dir='ltr'>vocabulorum</span> <span class='ocrx_word' id='word_1_140' title='bbox 870 2389 902 2451; x_wconf 93' lang='lat' dir='ltr'>p.</span> <span class='ocrx_word' id='word_1_141' title='bbox 921 2371 940 2431; x_wconf 82' lang='lat'><strong>5</strong></span> <span class='ocrx_word' id='word_1_142' title='bbox 965 2373 998 2433; x_wconf 89' lang='lat' dir='ltr'>et</span> <span class='ocrx_word' id='word_1_143' title='bbox 1020 2390 1052 2451; x_wconf 91' lang='lat' dir='ltr'>p.</span> <span class='ocrx_word' id='word_1_144' title='bbox 1070 2372 1123 2432; x_wconf 77' lang='grc'>27.</span> 
     </span>
    </p>

    <p class='ocr_par' dir='ltr' id='par_1_6' title="bbox 295 2472 1454 2877">
     <span class='ocr_line' id='line_1_18' title="bbox 362 2472 1454 2564; baseline 0.001 -25"><span class='ocrx_word' id='word_1_145' title='bbox 362 2475 495 2540; x_wconf 87' lang='lat' dir='ltr'>verbum</span> <span class='ocrx_word' id='word_1_146' title='bbox 519 2478 676 2564; x_wconf 83' lang='grc' dir='ltr'>φαίνεσθαι</span> <span class='ocrx_word' id='word_1_147' title='bbox 700 2475 873 2541; x_wconf 83' lang='lat' dir='ltr'>comitatur</span> <span class='ocrx_word' id='word_1_148' title='bbox 888 2472 1060 2540; x_wconf 85' lang='lat' dir='ltr'>infinitivus</span> <span class='ocrx_word' id='word_1_149' title='bbox 1082 2479 1134 2559; x_wconf 91' lang='grc'>13,</span> <span class='ocrx_word' id='word_1_150' title='bbox 1152 2480 1181 2557; x_wconf 91' lang='grc'>6,</span> <span class='ocrx_word' id='word_1_151' title='bbox 1207 2495 1277 2539; x_wconf 89' lang='lat' dir='ltr'>oum</span> <span class='ocrx_word' id='word_1_152' title='bbox 1294 2474 1362 2540; x_wconf 92' lang='lat' dir='ltr'>solo</span> <span class='ocrx_word' id='word_1_153' title='bbox 1452 2473 1454 2478; x_wconf 78' lang='grc'><strong>’</strong></span> 
     </span>
     <span class='ocr_line' id='line_1_19' title="bbox 296 2581 1363 2671; baseline -0.003 -24"><span class='ocrx_word' id='word_1_154' title='bbox 296 2582 454 2647; x_wconf 84' lang='lat' dir='ltr'>adiectivo</span> <span class='ocrx_word' id='word_1_155' title='bbox 478 2582 620 2666; x_wconf 88' lang='lat' dir='ltr'>iungitur</span> <span class='ocrx_word' id='word_1_156' title='bbox 634 2582 719 2647; x_wconf 87' lang='lat' dir='ltr'>idem</span> <span class='ocrx_word' id='word_1_157' title='bbox 745 2585 845 2664; x_wconf 90' lang='lat'><strong>1,11.</strong></span> <span class='ocrx_word' id='word_1_158' title='bbox 872 2586 902 2665; x_wconf 89' lang='grc'>9,</span> <span class='ocrx_word' id='word_1_159' title='bbox 921 2587 951 2646; x_wconf 94' lang='grc'>7.</span> <span class='ocrx_word' id='word_1_160' title='bbox 979 2581 1072 2668; x_wconf 72' lang='grc' dir='ltr'>δῆλος</span> <span class='ocrx_word' id='word_1_161' title='bbox 1095 2587 1129 2647; x_wconf 87' lang='lat' dir='ltr'>et</span> <span class='ocrx_word' id='word_1_162' title='bbox 1151 2586 1277 2671; x_wconf 81' lang='grc' dir='ltr'>φανερός</span> <span class='ocrx_word' id='word_1_163' title='bbox 1298 2603 1363 2648; x_wconf 92' lang='lat' dir='ltr'>non</span> 
     </span>
     <span class='ocr_line' id='line_1_20' title="bbox 295 2687 1364 2777; baseline -0.001 -24"><span class='ocrx_word' id='word_1_164' title='bbox 295 2689 446 2772; x_wconf 84' lang='lat' dir='ltr'>leguntur</span> <span class='ocrx_word' id='word_1_165' title='bbox 473 2689 534 2754; x_wconf 94' lang='lat' dir='ltr'>nisi</span> <span class='ocrx_word' id='word_1_166' title='bbox 560 2690 594 2753; x_wconf 92' lang='lat' dir='ltr'>in</span> <span class='ocrx_word' id='word_1_167' title='bbox 621 2688 758 2754; x_wconf 91' lang='lat' dir='ltr'>formula</span> <span class='ocrx_word' id='word_1_168' title='bbox 786 2690 877 2776; x_wconf 76' lang='grc' dir='ltr'>δῆλον</span> <span class='ocrx_word' id='word_1_169' title='bbox 903 2687 946 2753; x_wconf 78' lang='grc' dir='ltr'>ὅτι</span> <span class='ocrx_word' id='word_1_170' title='bbox 976 2693 1027 2771; x_wconf 92' lang='grc'>13,</span> <span class='ocrx_word' id='word_1_171' title='bbox 1048 2691 1088 2753; x_wconf 88' lang='grc'>10</span> <span class='ocrx_word' id='word_1_172' title='bbox 1116 2694 1148 2754; x_wconf 93' lang='lat' dir='ltr'>et</span> <span class='ocrx_word' id='word_1_173' title='bbox 1175 2692 1298 2777; x_wconf 83' lang='grc' dir='ltr'>φανεμδν</span> <span class='ocrx_word' id='word_1_174' title='bbox 1321 2687 1364 2752; x_wconf 77' lang='grc' dir='ltr'>ὅτι</span> 
     </span>
     <span class='ocr_line' id='line_1_21' title="bbox 296 2799 585 2877; baseline -0.021 -17"><span class='ocrx_word' id='word_1_175' title='bbox 296 2801 377 2877; x_wconf 77' lang='lat' dir='ltr'>aa</span> <span class='ocrx_word' id='word_1_176' title='bbox 404 2799 454 2862; x_wconf 91' lang='lat'>10.</span> <span class='ocrx_word' id='word_1_177' title='bbox 582 2847 585 2854; x_wconf 88' lang='grc'><strong>.</strong></span> 
     </span>
    </p>

    <p class='ocr_par' dir='ltr' id='par_1_7' title="bbox 294 2899 1364 3928">
     <span class='ocr_line' id='line_1_22' title="bbox 362 2899 1362 2984; baseline -0.001 -17"><span class='ocrx_word' id='word_1_178' title='bbox 362 2906 525 2967; x_wconf 83' lang='lat' dir='ltr'>structura</span> <span class='ocrx_word' id='word_1_179' title='bbox 554 2901 628 2968; x_wconf 86' lang='lat' dir='ltr'>talis</span> <span class='ocrx_word' id='word_1_180' title='bbox 658 2901 775 2982; x_wconf 79' lang='grc' dir='ltr'>ἀγαθὸς</span> <span class='ocrx_word' id='word_1_181' title='bbox 803 2899 843 2966; x_wconf 82' lang='grc' dir='ltr'>ὢν</span> <span class='ocrx_word' id='word_1_182' title='bbox 871 2901 996 2965; x_wconf 78' lang='grc' dir='ltr'>διατελῶ</span> <span class='ocrx_word' id='word_1_183' title='bbox 1025 2900 1143 2966; x_wconf 85' lang='lat' dir='ltr'>nemini</span> <span class='ocrx_word' id='word_1_184' title='bbox 1172 2907 1222 2966; x_wconf 89' lang='lat' dir='ltr'>est</span> <span class='ocrx_word' id='word_1_185' title='bbox 1241 2901 1362 2984; x_wconf 85' lang='lat' dir='ltr'>ignota,</span> 
     </span>
     <span class='ocr_line' id='line_1_23' title="bbox 297 3005 1364 3093; baseline -0.003 -20"><span class='ocrx_word' id='word_1_186' title='bbox 297 3009 354 3074; x_wconf 86' lang='lat' dir='ltr'>sed</span> <span class='ocrx_word' id='word_1_187' title='bbox 377 3010 459 3074; x_wconf 87' lang='lat' dir='ltr'>mira</span> <span class='ocrx_word' id='word_1_188' title='bbox 481 3009 616 3075; x_wconf 82' lang='lat' dir='ltr'>fortasse</span> <span class='ocrx_word' id='word_1_189' title='bbox 639 3008 712 3074; x_wconf 85' lang='lat' dir='ltr'>ideo</span> <span class='ocrx_word' id='word_1_190' title='bbox 737 3007 822 3091; x_wconf 92' lang='lat' dir='ltr'>quod</span> <span class='ocrx_word' id='word_1_191' title='bbox 847 3008 926 3072; x_wconf 86' lang='lat' dir='ltr'>dixit</span> <span class='ocrx_word' id='word_1_192' title='bbox 949 3007 1044 3073; x_wconf 77' lang='lat' dir='ltr'>Tales</span> <span class='ocrx_word' id='word_1_193' title='bbox 1067 3005 1124 3089; x_wconf 68' lang='grc' dir='ltr'>ἐγὼ</span> <span class='ocrx_word' id='word_1_194' title='bbox 1148 3011 1199 3093; x_wconf 78' lang='grc' dir='ltr'>μέν</span> <span class='ocrx_word' id='word_1_195' title='bbox 1226 3011 1282 3093; x_wconf 76' lang='grc' dir='ltr'>γὰρ</span> <span class='ocrx_word' id='word_1_196' title='bbox 1306 3008 1364 3072; x_wconf 83' lang='grc' dir='ltr'>ἀεὶ</span> 
     </span>
     <span class='ocr_line' id='line_1_24' title="bbox 296 3114 1364 3199; baseline -0.001 -19"><span class='ocrx_word' id='word_1_197' title='bbox 296 3115 413 3197; x_wconf 79' lang='grc' dir='ltr'>ἀγαθὸς</span> <span class='ocrx_word' id='word_1_198' title='bbox 435 3114 476 3180; x_wconf 85' lang='grc' dir='ltr'>ὢν</span> <span class='ocrx_word' id='word_1_199' title='bbox 505 3117 628 3180; x_wconf 79' lang='grc' dir='ltr'>διατελῶ</span> <span class='ocrx_word' id='word_1_200' title='bbox 656 3118 706 3199; x_wconf 87' lang='grc'><strong>18,</strong></span> <span class='ocrx_word' id='word_1_201' title='bbox 728 3119 763 3197; x_wconf 78' lang='lat'>23</span> <span class='ocrx_word' id='word_1_202' title='bbox 792 3115 862 3180; x_wconf 87' lang='lat' dir='ltr'>vide</span> <span class='ocrx_word' id='word_1_203' title='bbox 892 3120 1000 3182; x_wconf 87' lang='lat' dir='ltr'>tamen</span> <span class='ocrx_word' id='word_1_204' title='bbox 1029 3115 1114 3180; x_wconf 90' lang='lat' dir='ltr'>Isaei</span> <span class='ocrx_word' id='word_1_205' title='bbox 1145 3137 1191 3181; x_wconf 94' lang='lat' dir='ltr'>or.</span> <span class='ocrx_word' id='word_1_206' title='bbox 1212 3115 1300 3183; x_wconf 88' lang='lat' dir='ltr'>VHI</span> <span class='ocrx_word' id='word_1_207' title='bbox 1319 3119 1364 3179; x_wconf 90' lang='lat'>44</span> 
     </span>
     <span class='ocr_line' id='line_1_25' title="bbox 295 3219 1363 3312; baseline -0.001 -26"><span class='ocrx_word' id='word_1_208' title='bbox 295 3219 363 3286; x_wconf 72' lang='grc' dir='ltr'>ἀλλ’</span> <span class='ocrx_word' id='word_1_209' title='bbox 386 3223 636 3312; x_wconf 74' lang='grc' dir='ltr'>ἀναμφισβήτητα</span> <span class='ocrx_word' id='word_1_210' title='bbox 658 3227 706 3288; x_wconf 86' lang='grc' dir='ltr'>τὸν</span> <span class='ocrx_word' id='word_1_211' title='bbox 729 3221 845 3288; x_wconf 83' lang='grc' dir='ltr'>ἅπαντα</span> <span class='ocrx_word' id='word_1_212' title='bbox 868 3227 974 3309; x_wconf 86' lang='grc' dir='ltr'>χρόνον</span> <span class='ocrx_word' id='word_1_213' title='bbox 989 3223 1191 3308; x_wconf 80' lang='grc' dir='ltr'>διετελέσαμεν</span> <span class='ocrx_word' id='word_1_214' title='bbox 1206 3228 1239 3289; x_wconf 90' lang='lat' dir='ltr'>et</span> <span class='ocrx_word' id='word_1_215' title='bbox 1253 3243 1363 3288; x_wconf 87' lang='lat' dir='ltr'>versus</span> 
     </span>
     <span class='ocr_line' id='line_1_26' title="bbox 297 3327 1362 3416; baseline 0 -22"><span class='ocrx_word' id='word_1_216' title='bbox 297 3329 491 3396; x_wconf 88' lang='lat' dir='ltr'>Philemonis</span> <span class='ocrx_word' id='word_1_217' title='bbox 504 3330 669 3396; x_wconf 90' lang='lat' dir='ltr'>Palamedi</span> <span class='ocrx_word' id='word_1_218' title='bbox 685 3351 704 3396; x_wconf 90' lang='lat' dir='ltr'>a</span> <span class='ocrx_word' id='word_1_219' title='bbox 720 3327 862 3396; x_wconf 84' lang='lat' dir='ltr'>Stobaeo</span> <span class='ocrx_word' id='word_1_220' title='bbox 880 3329 1061 3414; x_wconf 82' lang='lat' dir='ltr'>adscriptos</span> <span class='ocrx_word' id='word_1_221' title='bbox 1076 3329 1146 3397; x_wconf 88' lang='lat' dir='ltr'>flor.</span> <span class='ocrx_word' id='word_1_222' title='bbox 1165 3334 1196 3411; x_wconf 84' lang='grc'>9,</span> <span class='ocrx_word' id='word_1_223' title='bbox 1209 3332 1248 3394; x_wconf 82' lang='lat' dir='ltr'>a]</span> <span class='ocrx_word' id='word_1_224' title='bbox 1264 3329 1362 3416; x_wconf 85' lang='lat' dir='ltr'>(eom.</span> 
     </span>
     <span class='ocr_line' id='line_1_27' title="bbox 295 3433 1363 3525; baseline -0.002 -22"><span class='ocrx_word' id='word_1_225' title='bbox 295 3437 347 3507; x_wconf 86' lang='lat' dir='ltr'>IV</span> <span class='ocrx_word' id='word_1_226' title='bbox 363 3459 394 3521; x_wconf 91' lang='lat' dir='ltr'>p.</span> <span class='ocrx_word' id='word_1_227' title='bbox 415 3442 452 3503; x_wconf 94' lang='grc'>17</span> <span class='ocrx_word' id='word_1_228' title='bbox 470 3437 586 3525; x_wconf 87' lang='lat' dir='ltr'>Mein.)</span> <span class='ocrx_word' id='word_1_229' title='bbox 610 3446 660 3501; x_wconf 83' lang='grc' dir='ltr'>τοῦ</span> <span class='ocrx_word' id='word_1_230' title='bbox 675 3441 732 3522; x_wconf 78' lang='grc' dir='ltr'>γὰρ</span> <span class='ocrx_word' id='word_1_231' title='bbox 748 3438 862 3501; x_wconf 83' lang='grc' dir='ltr'>δικαίοο</span> <span class='ocrx_word' id='word_1_232' title='bbox 878 3437 933 3502; x_wconf 81' lang='grc' dir='ltr'>κάν</span> <span class='ocrx_word' id='word_1_233' title='bbox 948 3441 1077 3523; x_wconf 85' lang='grc' dir='ltr'>βροτοῖσι</span> <span class='ocrx_word' id='word_1_234' title='bbox 1091 3437 1147 3502; x_wconf 81' lang='grc' dir='ltr'>κάν</span> <span class='ocrx_word' id='word_1_235' title='bbox 1163 3440 1247 3510; x_wconf 86' lang='grc' dir='ltr'>θεοῖς</span> <span class='ocrx_word' id='word_1_236' title='bbox 1262 3433 1363 3501; x_wconf 82' lang='grc' dir='ltr'>Ἀθά-</span> 
     </span>
     <span class='ocr_line' id='line_1_28' title="bbox 294 3543 1363 3630; baseline 0 -21"><span class='ocrx_word' id='word_1_237' title='bbox 294 3557 381 3617; x_wconf 88' lang='grc' dir='ltr'>νατος</span> <span class='ocrx_word' id='word_1_238' title='bbox 405 3544 462 3610; x_wconf 82' lang='grc' dir='ltr'>ἀεὶ</span> <span class='ocrx_word' id='word_1_239' title='bbox 486 3545 557 3618; x_wconf 79' lang='grc' dir='ltr'>δόξα</span> <span class='ocrx_word' id='word_1_240' title='bbox 581 3545 709 3608; x_wconf 86' lang='grc' dir='ltr'>διατελεῖ</span> <span class='ocrx_word' id='word_1_241' title='bbox 730 3549 829 3630; x_wconf 86' lang='grc' dir='ltr'>μόνοο.</span> <span class='ocrx_word' id='word_1_242' title='bbox 865 3543 1010 3610; x_wconf 87' lang='lat' dir='ltr'>additum</span> <span class='ocrx_word' id='word_1_243' title='bbox 1038 3549 1088 3610; x_wconf 85' lang='lat' dir='ltr'>est</span> <span class='ocrx_word' id='word_1_244' title='bbox 1116 3543 1161 3609; x_wconf 80' lang='grc' dir='ltr'>ἀεῖ</span> <span class='ocrx_word' id='word_1_245' title='bbox 1184 3565 1254 3608; x_wconf 85' lang='grc' dir='ltr'>ποτε</span> <span class='ocrx_word' id='word_1_246' title='bbox 1277 3543 1363 3627; x_wconf 91' lang='lat' dir='ltr'>apud</span> 
     </span>
     <span class='ocr_line' id='line_1_29' title="bbox 294 3651 1363 3739; baseline -0.004 -23"><span class='ocrx_word' id='word_1_247' title='bbox 294 3651 550 3735; x_wconf 82' lang='lat' dir='ltr'>Xenophontem</span> <span class='ocrx_word' id='word_1_248' title='bbox 578 3674 669 3718; x_wconf 90' lang='lat' dir='ltr'>oonv.</span> <span class='ocrx_word' id='word_1_249' title='bbox 693 3651 781 3720; x_wconf 90' lang='lat' dir='ltr'>VIII</span> <span class='ocrx_word' id='word_1_250' title='bbox 803 3655 845 3716; x_wconf 88' lang='lat'>41</span> <span class='ocrx_word' id='word_1_251' title='bbox 879 3651 1003 3733; x_wconf 78' lang='grc' dir='ltr'>ἀγαθῶν</span> <span class='ocrx_word' id='word_1_252' title='bbox 1033 3655 1089 3736; x_wconf 78' lang='grc' dir='ltr'>γὰρ</span> <span class='ocrx_word' id='word_1_253' title='bbox 1119 3653 1204 3739; x_wconf 74' lang='lat' dir='ltr'>ptest</span> <span class='ocrx_word' id='word_1_254' title='bbox 1230 3653 1281 3715; x_wconf 85' lang='grc' dir='ltr'>καὶ</span> <span class='ocrx_word' id='word_1_255' title='bbox 1309 3661 1363 3737; x_wconf 73' lang='grc' dir='ltr'>τῆς</span> 
     </span>
     <span class='ocr_line' id='line_1_30' title="bbox 296 3756 1362 3849; baseline -0.001 -26"><span class='ocrx_word' id='word_1_256' title='bbox 296 3759 403 3847; x_wconf 75' lang='grc' dir='ltr'>ἀρετῆς</span> <span class='ocrx_word' id='word_1_257' title='bbox 425 3761 585 3849; x_wconf 72' lang='grc' dir='ltr'>φιλοτίμοις</span> <span class='ocrx_word' id='word_1_258' title='bbox 607 3756 765 3848; x_wconf 78' lang='grc' dir='ltr'>ἐφιεμένων</span> <span class='ocrx_word' id='word_1_259' title='bbox 789 3758 834 3823; x_wconf 78' lang='grc' dir='ltr'>δεῖ</span> <span class='ocrx_word' id='word_1_260' title='bbox 862 3781 932 3822; x_wconf 85' lang='grc' dir='ltr'>ποτε</span> <span class='ocrx_word' id='word_1_261' title='bbox 955 3769 992 3844; x_wconf 75' lang='grc' dir='ltr'>τῇ</span> <span class='ocrx_word' id='word_1_262' title='bbox 1015 3760 1098 3822; x_wconf 85' lang='grc' dir='ltr'>πόλει</span> <span class='ocrx_word' id='word_1_263' title='bbox 1121 3761 1300 3844; x_wconf 67' lang='grc' dir='ltr'>σονεμαστὴς</span> <span class='ocrx_word' id='word_1_264' title='bbox 1322 3756 1362 3823; x_wconf 84' lang='grc' dir='ltr'>ὢν</span> 
     </span>
     <span class='ocr_line' id='line_1_31' title="bbox 295 3865 429 3928; baseline 0 0"><span class='ocrx_word' id='word_1_265' title='bbox 295 3865 429 3928; x_wconf 78' lang='grc' dir='ltr'>διατελῶ.</span> 
     </span>
    </p>

    <p class='ocr_par' dir='ltr' id='par_1_8' title="bbox 294 3967 1362 4380">
     <span class='ocr_line' id='line_1_32' title="bbox 361 3967 1362 4056; baseline -0.004 -20"><span class='ocrx_word' id='word_1_266' title='bbox 361 3977 540 4038; x_wconf 82' lang='lat' dir='ltr'>structuras</span> <span class='ocrx_word' id='word_1_267' title='bbox 562 3971 780 4056; x_wconf 84' lang='lat' dir='ltr'>participiales</span> <span class='ocrx_word' id='word_1_268' title='bbox 804 3991 886 4054; x_wconf 90' lang='lat' dir='ltr'>quae</span> <span class='ocrx_word' id='word_1_269' title='bbox 909 3971 1103 4036; x_wconf 80' lang='lat' dir='ltr'>comitantur</span> <span class='ocrx_word' id='word_1_270' title='bbox 1126 3969 1224 4036; x_wconf 85' lang='lat' dir='ltr'>verba</span> <span class='ocrx_word' id='word_1_271' title='bbox 1250 3967 1362 4034; x_wconf 80' lang='grc' dir='ltr'>αἰσθά-</span> 
     </span>
     <span class='ocr_line' id='line_1_33' title="bbox 294 4075 1360 4164; baseline -0.003 -20"><span class='ocrx_word' id='word_1_272' title='bbox 294 4100 382 4164; x_wconf 90' lang='grc' dir='ltr'>νομαι</span> <span class='ocrx_word' id='word_1_273' title='bbox 401 4077 501 4144; x_wconf 83' lang='grc' dir='ltr'>ἀκοίιω</span> <span class='ocrx_word' id='word_1_274' title='bbox 522 4077 582 4163; x_wconf 83' lang='grc' dir='ltr'>δρῶ</span> <span class='ocrx_word' id='word_1_275' title='bbox 599 4079 728 4164; x_wconf 87' lang='grc' dir='ltr'>δεῖκνομι</span> <span class='ocrx_word' id='word_1_276' title='bbox 744 4075 867 4163; x_wconf 76' lang='grc' dir='ltr'>εὑρίσκω</span> <span class='ocrx_word' id='word_1_277' title='bbox 884 4078 952 4145; x_wconf 89' lang='lat' dir='ltr'>sim.</span> <span class='ocrx_word' id='word_1_278' title='bbox 968 4078 1020 4143; x_wconf 90' lang='lat' dir='ltr'>hio</span> <span class='ocrx_word' id='word_1_279' title='bbox 1045 4097 1231 4144; x_wconf 86' lang='lat' dir='ltr'>enumerare</span> <span class='ocrx_word' id='word_1_280' title='bbox 1251 4098 1360 4159; x_wconf 87' lang='lat' dir='ltr'>super-</span> 
     </span>
     <span class='ocr_line' id='line_1_34' title="bbox 295 4179 1361 4270; baseline -0.005 -20"><span class='ocrx_word' id='word_1_281' title='bbox 295 4184 401 4268; x_wconf 87' lang='lat' dir='ltr'>sede0‚</span> <span class='ocrx_word' id='word_1_282' title='bbox 424 4184 487 4253; x_wconf 85' lang='lat' dir='ltr'>vid.</span> <span class='ocrx_word' id='word_1_283' title='bbox 503 4184 568 4251; x_wconf 91' lang='lat' dir='ltr'>ind.</span> <span class='ocrx_word' id='word_1_284' title='bbox 585 4183 673 4268; x_wconf 90' lang='lat' dir='ltr'>quod</span> <span class='ocrx_word' id='word_1_285' title='bbox 697 4184 788 4250; x_wconf 92' lang='lat' dir='ltr'>deest</span> <span class='ocrx_word' id='word_1_286' title='bbox 811 4185 1015 4270; x_wconf 83' lang='lat' dir='ltr'>participium</span> <span class='ocrx_word' id='word_1_287' title='bbox 1037 4186 1070 4249; x_wconf 92' lang='lat' dir='ltr'>in</span> <span class='ocrx_word' id='word_1_288' title='bbox 1094 4184 1259 4249; x_wconf 89' lang='lat' dir='ltr'>enuntiato</span> <span class='ocrx_word' id='word_1_289' title='bbox 1282 4179 1307 4246; x_wconf 80' lang='lat' dir='ltr'>ei</span> <span class='ocrx_word' id='word_1_290' title='bbox 1329 4184 1361 4246; x_wconf 86' lang='grc' dir='ltr'>δέ</span> 
     </span>
     <span class='ocr_line' id='line_1_35' title="bbox 294 4289 1360 4380; baseline -0.005 -22"><span class='ocrx_word' id='word_1_291' title='bbox 294 4297 346 4380; x_wconf 76' lang='grc' dir='ltr'>τὴν</span> <span class='ocrx_word' id='word_1_292' title='bbox 369 4293 495 4377; x_wconf 82' lang='grc' dir='ltr'>πατρίδα</span> <span class='ocrx_word' id='word_1_293' title='bbox 517 4297 647 4380; x_wconf 82' lang='grc' dir='ltr'>πονηρὰν</span> <span class='ocrx_word' id='word_1_294' title='bbox 670 4296 721 4357; x_wconf 83' lang='grc' dir='ltr'>καὶ</span> <span class='ocrx_word' id='word_1_295' title='bbox 743 4291 902 4379; x_wconf 84' lang='grc' dir='ltr'>ἀχάριστον</span> <span class='ocrx_word' id='word_1_296' title='bbox 926 4292 986 4380; x_wconf 90' lang='lat' dir='ltr'>(so.</span> <span class='ocrx_word' id='word_1_297' title='bbox 1005 4289 1110 4379; x_wconf 78' lang='grc' dir='ltr'>οὖσαν)</span> <span class='ocrx_word' id='word_1_298' title='bbox 1133 4289 1233 4376; x_wconf 73' lang='grc' dir='ltr'>ᾔσθου</span> <span class='ocrx_word' id='word_1_299' title='bbox 1259 4292 1360 4374; x_wconf 87' lang='grc'><strong>19,1,</strong></span> 
     </span>
    </p>
   </div>
   <div class='ocr_carea' id='block_1_3' title="bbox 1147 4414 1183 4469">
    <p class='ocr_par' dir='ltr' id='par_1_9' title="bbox 1147 4414 1183 4469">
     <span class='ocr_line' id='line_1_36' title="bbox 1147 4414 1183 4469; baseline 0 -24"><span class='ocrx_word' id='word_1_300' title='bbox 1147 4414 1183 4469; x_wconf 62' lang='grc'>31</span> 
     </span>
    </p>
   </div>
   <div class='ocr_carea' id='block_1_4' title="bbox 0 0 1698 5236">
    <p class='ocr_par' dir='ltr' id='par_1_10' title="bbox 0 0 1698 5236">
     <span class='ocr_line' id='line_1_37' title="bbox 0 0 1698 5236; baseline 0 0"><span class='ocrx_word' id='word_1_301' title='bbox 0 0 1698 5236; x_wconf 95' lang='lat' dir='ltr'> </span> 
     </span>
    </p>
   </div>
  </div>
 </body>
</html>
