3388 5236
679 585 898 644 ..13-

254 776 455 842 referendum
482 775 540 848 <ὁ>
560 774 644 848 ἐκτὸς
667 773 807 860 ἑκατέρου
830 778 936 841 τουτων
960 778 1080 858 42,16.
1120 775 1319 858 superlativis

255 884 391 950 adicitur
414 886 582 969 partitivus
607 888 729 964 36,11.
756 887 855 967 37,1.

322 991 470 1074 Denique
494 991 533 1057 de
557 990 696 1057 dativo
720 1012 785 1056 non
807 990 895 1055 nulla
918 990 1036 1056 addere
1059 989 1148 1057 libet.

321 1109 357 1185 τῇ
381 1103 482 1190 πρωτγγ
506 1098 564 1185 (so.
581 1096 693 1185 ἡρέρορ)
715 1098 832 1182 legitur
855 1101 906 1180 11,
925 1102 964 1163 13
981 1095 1060 1186 [15],
1085 1098 1141 1163 sed
1162 1095 1191 1162 ἐν
1212 1095 1236 1182 ᾧ
1261 1096 1318 1183 (so.

256 1207 369 1292 χρόνῳ)
392 1207 533 1270 cadeudo
552 1209 603 1288 38,
617 1211 647 1288 7,
672 1203 701 1270 έν
725 1217 765 1290 τῷ
787 1215 835 1271 νῦν
858 1207 978 1291 πολέριρ
1003 1209 1098 1286 36,1.
1138 1203 1177 1270 cf.
1194 1204 1319 1287 Krueg.

255 1314 308 1395 48,
326 1317 363 1396 2ς
384 1310 433 1378 ἵνα
455 1317 497 1401 μὴ
521 1317 557 1376 τὰ
579 1313 693 1377 παλαιοί
716 1334 762 1375 σοι
784 1313 872 1394 λέγω,
896 1311 975 1376 ἀλλὰ
996 1315 1031 1376 τὰ
1046 1309 1120 1376 καθ’
1136 1310 1217 1400 ἡμᾶς
1236 1316 1318 1393 16,6

256 1417 402 1504 οὐδὲγὰρ
426 1417 461 1507 ἦν
485 1423 638 1507 μυριοστὸν
661 1419 736 1496 ἔτος,
760 1417 821 1483 οὐδ’
842 1417 888 1483 ἐπὶ
911 1431 966 1485 των
990 1417 1148 1504 Τρωικῶν·
1172 1417 1240 1483 οὐδὲ
1264 1423 1319 1504 γὰρ

254 1530 332 1590 κατὰ
354 1529 421 1599 τοὺς
443 1531 638 1612 προπάππους
661 1549 713 1591 σου
737 1530 790 1605 47,
806 1530 838 1595 4.

323 1635 448 1701 dativos
464 1636 518 1718 qui
534 1635 663 1720 adurngi
678 1634 783 1700 solent
798 1635 902 1700 verbis
917 1632 988 1698 εἶναι
1008 1631 1320 1720 ὑπάρχειν-γίγνεσθαι

256 1741 395 1825 singulos
412 1763 597 1807 enumerare
614 1743 665 1806 vix
680 1743 763 1807 tanti
779 1748 837 1824 est,
854 1740 925 1807 vide
940 1741 1005 1810 ind.
1022 1763 1089 1810 voc.
1107 1763 1320 1808 commemoro

256 1848 381 1914 brevius
405 1849 532 1914 dicendi
556 1870 655 1934 genus
679 1851 741 1916 hoc
764 1847 829 1913 odae
852 1852 942 1934 rodrp
966 1847 1065 1934 ῥᾴδιον
1078 1899 1084 1913 .
1097 1898 1124 1913 ..
1140 1847 1205 1914 οὔτε
1221 1847 1320 1935 ἐκείνῳ

258 1961 346 2036 10,8
370 1977 417 2039 sq.
464 1978 523 2039 pro
552 1956 613 2022 hoo
643 1956 768 2022 dicendi
797 1978 913 2040 genere
940 1960 965 2019 τί
988 1952 1037 2020 οὖν
1060 1978 1110 2043 por
1132 1955 1213 2020 ἔσται
1236 1957 1321 2045 τριλο-

255 2069 414 2152 σοτρήσαντι
431 2069 483 2147 28,
502 2069 520 2128 6
545 2063 706 2147 prioribus
726 2065 834 2130 nescio
850 2085 892 2129 an
907 2064 1057 2130 usitatior
1073 2063 1169 2128 suerit
1184 2063 1321 2130 formula

254 2175 280 2234 rt
302 2171 391 2234 πλέον
414 2168 480 2257 ἐμοί
503 2169 571 2248 ἐστι,
597 2172 636 2236 cf.
660 2171 785 2255 Krueg.
806 2175 860 2254 48,
879 2177 908 2255 3,
928 2177 956 2235 7.

321 2279 398 2344 item
420 2279 517 2344 index
544 2279 772 2346 vocabulorum
803 2280 987 2345 consulatur
1016 2284 1150 2362 propter
1179 2279 1321 2344 dativum

254 2407 410 2470 personae
445 2387 539 2452 solito
574 2410 663 2454 more
698 2387 801 2452 verbis
834 2391 1050 2471 παρασπευοίζω
1084 2391 1208 2473 παρέχω
1241 2391 1320 2475 ρέρω

256 2494 383 2580 δείκνυμι
405 2497 530 2558 πτστείυω
554 2492 671 2576 ἐγκαλῶ
695 2495 872 2577 horumque
896 2494 1048 2559 similibus
1072 2493 1268 2560 adiunctum.

321 2601 453 2666 verbum
482 2603 608 2666 νιελείιετν
637 2607 831 2667 structuram
859 2601 957 2667 habet
980 2599 1137 2666 Atticam.
1162 2601 1232 2667 vide
1255 2600 1320 2665 ind.

255 2729 323 2774 voc.

321 2837 386 2882 nou
409 2816 513 2882 minus
536 2822 613 2882 nota
636 2821 685 2882 est
701 2817 780 2882 haee
804 2820 966 2881 structura
988 2825 1048 2887 τοῖς
1063 2819 1141 2879 κατὰ
1156 2820 1321 2900 προαίρεσιν

254 2925 476 3008 περιβάλλουσιν
507 2922 727 3008 ὀργίζονται
756 2927 807 2987 aori
837 2926 1051 3009 doponatur
1081 2927 1132 2986 aot
1159 2920 1322 3011 upopourar

255 3034 308 3113 43,
318 3036 348 3095 9.
372 3031 450 3096 item
461 3031 663 3115 λοιδορεῖσθαί
675 3054 726 3096 τινι
737 3032 854 3115 legitur
867 3034 919 3112 21,
930 3034 965 3094 11
976 3030 1030 3118 (cf.
1042 3031 1166 3113 Krueg.
1175 3034 1228 3112 46,
1237 3036 1267 3113 7,
1280 3032 1321 3115 3).

256 3141 444 3224 τῇπαρυίυσγγ
461 3139 516 3222 (sc.
535 3139 643 3223 διαίτρ)
660 3138 856 3224 δυσχεραίνων
874 3137 950 3203 dicit
969 3141 1019 3218 30,
1036 3140 1086 3218 11,
1111 3159 1184 3202 cum
1198 3137 1321 3220 priores

255 3245 438 3329 praeferant
450 3247 665 3311 accusativum
678 3245 816 3330 (Krueg.
830 3248 883 3328 48,
892 3250 922 3328 8,
938 3245 981 3330 1).
999 3244 1055 3310 sed
1068 3244 1107 3309 of.
1125 3243 1240 3309 Bonita
1257 3245 1321 3314 ind.

256 3349 317 3420 Ar.
334 3374 365 3435 p.
384 3356 468 3417 210b
485 3356 538 3416 28.
577 3351 700 3418 subicio
725 3352 773 3417 his
797 3351 894 3418 verba
917 3351 1089 3417 affectuum
1113 3352 1254 3417 dativum
1276 3352 1323 3416 rei

257 3458 456 3524 adsumentia
472 3457 632 3543 εὐαρεστεῖν
649 3465 681 3523 et
699 3459 881 3544 δυσαρεστεῖν
897 3462 950 3540 43,
967 3462 1018 3522 13.
1041 3462 1093 3540 28,
1108 3463 1136 3540 3,
1161 3459 1210 3523 vel
1227 3458 1322 3523 etiam

255 3587 413 3648 personae
436 3571 473 3630 ut
496 3563 655 3652 ἐπιχαίρειν
681 3570 710 3649 2,
731 3570 781 3634 10.
829 3566 885 3631 sed
914 3564 1028 3630 horum
1056 3565 1199 3648 plurimis
1228 3565 1323 3648 expli·

256 3673 358 3738 catius
375 3672 465 3738 addit
481 3670 528 3736 ἐπί
543 3695 603 3749 ττντ,
627 3673 672 3738 sic
696 3669 900 3759 α’τσχίινεσθαι,
924 3670 1090 3757 ἄχθεσθαι,
1115 3672 1322 3747 δυσκολαίνειν,

255 3781 436 3868 λυπηθῆναι,
452 3776 623 3844 ὀδυνᾶσθαι.
659 3781 729 3846 vide
745 3780 810 3844 ind.
828 3801 895 3844 voc.
914 3801 937 3845 s.
955 3801 984 3842 v.
1001 3776 1055 3843 ἐπί.
1094 3780 1191 3845 verba
1206 3778 1323 3860 ἀγαπᾶν

256 3892 288 3951 et
311 3892 437 3971 στέργειν
467 3908 532 3952 non
559 3886 709 3970 leguntur
736 3888 795 3952 nisi
826 3888 924 3952 semel
953 3907 1024 3951 oum
1047 3887 1229 3952 accusativo
1252 3907 1322 3969 per-

256 4014 352 4060 sonae
376 3993 549 4060 coniunota
566 3993 619 4080 (of.
636 3994 760 4078 Krueg.
778 3997 831 4076 48,
857 3997 906 4075 15,
925 3993 958 4078 8)
975 3997 1028 4074 43,
1047 3998 1088 4058 20
1112 3989 1198 4057 αὑτὸν
1222 3991 1323 4076 ἀγαπογ

255 4104 306 4164 τταὶ
329 4106 447 4185 στέργει.

321 4209 354 4272 in
378 4213 540 4273 structura
562 4208 650 4274 verbi
672 4211 809 4296 χρῆσθαι
832 4206 882 4272 vel
904 4209 1050 4292 χρᾶσθαι,
1080 4209 1235 4293 μάχεσθαι
1259 4227 1323 4273 non

256 4321 304 4380 est
329 4337 385 4380 our
408 4337 576 4384 moremur.
624 4316 693 4382 vide
717 4316 782 4381 ind.
807 4337 876 4382 voe.
