3398 5230
695 548 914 609 ..57-

274 741 504 824 Plutarchum·
517 741 657 807 Dionem
673 739 947 826 Chrysostcmum‚
963 740 1152 807 Lucienum.
1177 734 1341 824 compara·

274 849 356 915 tivus
379 848 496 932 legitur
519 849 605 932 apud
628 847 731 916 Arist.
755 848 921 933 physiogn.
948 852 966 911 5
991 852 1075 912 809·
1099 851 1151 911 31.

341 962 454 1040 σαπμός
481 960 531 1040 19,
554 961 572 1020 5
597 959 697 1040 σαπρὰ
725 955 783 1042 (55.
806 953 826 1043 ἡ
850 953 942 1041 οἰκία)
969 957 1020 1018 καὶ
1042 951 1150 1041 ῥέουσα
1172 958 1225 1018 καὶ
1247 976 1342 1019 κατα-

274 1069 426 1128 πίπτουσα.

341 1168 440 1258 ἀῶδης
459 1175 510 1253 13,
530 1174 585 1254 15;
607 1193 645 1236 ex
660 1169 893 1256 posterionbus
909 1169 1117 1252 scriptoribus
1133 1169 1216 1235 hanc
1232 1191 1342 1234 vocem

275 1278 448 1344 admittunt
471 1277 674 1359 Plutarchus,
694 1275 842 1343 Clemens
865 1276 960 1342 Alex.
979 1276 1202 1361 compluriens.

342 1383 425 1449 Sunt
448 1383 600 1450 adverbia
622 1406 685 1449 non
708 1383 795 1450 nulla
819 1384 915 1467 digna
937 1404 1019 1466 quae
1042 1383 1229 1450 afferantur:

344 1490 481 1579 ἀμόρτως
507 1496 594 1573 10,9
620 1497 669 1557 est
691 1493 917 1576 posteriorum.

343 1595 487 1672 ἐκπαθῶς
509 1595 704 1664 ‘immodice’
729 1602 840 1682 25,13
864 1595 1009 1672 ἐκπαθῶς
1032 1597 1184 1663 ἀπολαὺει.
1227 1597 1342 1664 horum

276 1705 420 1771 similiter
442 1705 631 1772 Athenaeus
653 1705 689 1770 X
712 1729 744 1790 p.
761 1709 826 1771 443
844 1706 864 1770 d
887 1703 921 1771 oh
945 1706 1003 1788 (sc.
1019 1714 1069 1770 τοῦ
1092 1704 1185 1792 οἴνου)
1200 1705 1269 1778 τοὺς
1291 1703 1342 1770 ἐν-

275 1816 384 1886 παάῶς
406 1813 695 1899 μεταλαμβάνοντας.

342 1918 457 1994 εάθέως
488 1920 659 1988 adhibetur
691 1920 769 2008 (non
799 1941 889 1986 secus
920 1925 1017 2004 atque
1045 1919 1234 1987 Atticorum
1264 1919 1343 1985 illud

274 2024 394 2115 αὐτίκα)
406 2029 439 2092 in
452 2028 602 2111 exemplis
613 2028 662 2093 rel
678 2028 874 2112 argumentis
890 2026 1073 2093 adferendis
1089 2049 1154 2094 non
1169 2027 1230 2091 nisi
1243 2027 1341 2093 semel

278 2138 377 2218 1,15;
401 2135 530 2201 uberius
550 2135 628 2201 dicit
651 2133 711 2201 οἷον
726 2132 841 2207 εὐθέως
856 2135 968 2221 Polyb.
986 2135 1038 2204 VI
1063 2137 1114 2218 51,
1135 2139 1150 2198 1
1168 2134 1245 2199 XII
1261 2137 1290 2216 5,
1309 2139 1339 2201 6.

343 2238 470 2314 εάλὺτως
493 2247 546 2325 28,
566 2247 583 2306 7
608 2242 792 2309 adverbium
815 2264 890 2309 raro
913 2242 1040 2326 legitur,
1064 2241 1149 2326 apud
1172 2241 1342 2327 Polybium

277 2350 373 2415 semel
395 2348 543 2418 XXVII
567 2355 597 2433 9,
616 2354 646 2433 5,
670 2349 718 2415 bis
741 2351 774 2416 in
796 2350 885 2416 libris
908 2350 1014 2417 Marci
1036 2349 1196 2416 Antonini
1209 2349 1242 2435 ¹).

343 2453 502 2541 ὀδορτιντῶς
527 2461 613 2540 19,8
632 2457 729 2522 etiam
745 2456 939 2530 Aristoteles
962 2455 1014 2541 (cf.
1032 2455 1148 2521 Bonitz
1172 2455 1237 2520 ind.
1255 2478 1280 2521 s.
1297 2455 1341 2542 v.)

278 2563 439 2647 adhibuit3
457 2585 474 2628 e
490 2564 679 2647 posterioris
696 2566 764 2630 nevi
781 2563 989 2650 scriptoribus
1006 2562 1117 2631 adsero
1133 2563 1342 2629 Plutarchum

276 2669 369 2738 Erct.
386 2692 418 2753 p.
438 2658 499 2760 751
518 2669 563 2736 A.

345 2775 411 2842 Sed
434 2783 671 2860 perscrutemur
694 2777 800 2846 verba.

344 2882 480 2965 ἀγεννίζω
510 2886 613 2968 (3,11
639 2880 697 2971 οὐχ
719 2881 886 2949 ὑποπίπτων
909 2881 977 2948 οὐδὲ
1000 2882 1167 2971 ἀγεννὶζων)
1202 2905 1267 2950 non
1293 2906 1342 2950 re-

277 2990 374 3073 periri
396 2990 523 3055 videtur
545 2991 606 3055 nisi
634 2989 696 3058 hic.
731 2997 768 3056 ut
790 3001 923 3072 γενναῖος
946 2990 991 3056 515
1015 2989 1138 3078 ἀγεννής
1161 2995 1193 3056 et
1215 2989 1343 3072 ἀγεννῶς

277 3102 352 3161 sunt
367 3095 558 3183 Cynicorum
578 3099 670 3182 quasi
684 3103 836 3164 tesserae.
861 3097 901 3163 of.
917 3098 1042 3164 Weber
1065 3098 1105 3163 de
1120 3098 1226 3163 Dione
1242 3095 1341 3184 Chry-

276 3210 420 3271 sostomo
445 3203 637 3290 Cynicorum
667 3209 827 3271 sectatore
850 3227 882 3289 p.
906 3208 967 3269 137
994 3205 1068 3270 adn.
1086 3209 1116 3269 2.
1141 3203 1266 3286 ἀγεννῶς
1291 3204 1342 3270 515

275 3309 373 3377 habet
403 3310 498 3376 I'eles
530 3316 579 3393 10,
604 3316 633 3376 7.
663 3314 791 3393 43,16.
827 3310 949 3399 ἀγεννής
977 3316 1108 3394 praeter
1137 3311 1262 3394 priores
1292 3332 1341 3376 ex.

277 3439 323 3501 gr.
340 3416 499 3483 Arrianus
521 3418 709 3501 Epicteteus
733 3424 766 3484 et
787 3418 919 3485 Marcus
941 3417 1136 3484 Antoninus.

343 3525 481 3612 ἀπληρεῖν
507 3530 558 3610 19,
576 3531 606 3595 2.
630 3529 718 3609 47,1
746 3531 794 3592 est
817 3527 1039 3610 recentiorum,
1063 3526 1189 3612 Polybii
1212 3531 1244 3591 et
1264 3524 1343 3591 Dic·

276 3632 348 3699 dori
364 3631 472 3714 Sicuh‚
490 3654 590 3718 aeque
606 3638 702 3717 atque
718 3630 878 3721 εάαληρεῖν,
895 3633 981 3717 quod
997 3638 1103 3701 exstat
1119 3633 1205 3717 apud
1220 3632 1342 3700 Diodo-

275 3761 346 3804 rum
370 3737 469 3804 SicI
494 3744 568 3805 182.
606 3739 677 3805 vide
701 3761 799 3825 supra
821 3760 846 3806 s.
863 3738 1034 3827 ἀνλήρημα.

343 3845 550 3934 ἀνασυραμένη
572 3849 661 3929 45,4
683 3868 778 3912 sensu
802 3845 961 3914 obscaeno
986 3846 1102 3913 dicitur
1126 3846 1166 3911 de
1180 3846 1341 3912 Lacaena.

348 4026 370 4094 ¹)
388 4025 545 4094 Vtrumque
563 4024 653 4080 Marci
671 4025 807 4080 Antonini
825 4026 918 4082 locum
936 4025 995 4094 (ΠΙ
1012 4028 1028 4080 7
1043 4024 1119 4081 VIII
1130 4023 1176 4096 33)
1195 4025 1343 4093 temptavit

275 4113 372 4169 Nauck
397 4114 491 4182 priore
514 4113 672 4183 praeferens
695 4111 812 4177 τάλοτος,
836 4115 923 4169 altero
950 4113 1067 4176 ἀλύπως,
1104 4113 1153 4168 sed
1179 4111 1295 4175 εάλύτως
1314 4111 1342 4164 δὲ

276 4202 381 4274 ἀφεῖναι
405 4201 493 4273 (VHI
514 4206 561 4270 33,
587 4203 634 4257 ubi
661 4203 724 4258 vide
752 4203 884 4258 Catakeri
912 4203 986 4272 adn.)
1014 4203 1223 4258 commendatur
1249 4202 1341 4258 verbis

276 4289 388 4347 Teletis.
419 4289 453 4346 cf.
471 4291 536 4346 Arr.
555 4292 648 4362 Epict.
668 4292 732 4347 diss.
751 4290 907 4360 1V1,153.
