3388 5236
301 1391 415 1498 Non
438 1429 519 1496 adeo
542 1428 662 1495 multae
689 1427 808 1495 saeculi
830 1428 918 1495 tertii
941 1428 1135 1514 scriptorum
1158 1425 1301 1496 Graeco·

224 1561 304 1604 rurn
335 1539 488 1622 reliquiae
512 1542 652 1604 aetatem
684 1536 838 1620 tulerunt,
866 1541 989 1602 utnon
1017 1558 1133 1621 operae
1163 1536 1302 1621 pretium

225 1648 275 1712 sit
292 1646 390 1712 etiam
404 1647 437 1710 in
454 1644 576 1712 Teletis
592 1645 803 1711 elocutionem
819 1645 1000 1711 accuratius
1019 1645 1190 1729 inquirere,
1212 1649 1301 1729 post-

226 1775 331 1837 quam
348 1752 559 1818 diatribarum
574 1752 714 1836 epitome
729 1753 948 1837 praeceptoris
967 1752 1030 1818 mei
1046 1772 1124 1818 cura
1139 1752 1186 1818 ita
1200 1773 1303 1836 nuper

226 1860 321 1926 edita
345 1865 403 1944 est,
427 1864 463 1925 ut
486 1861 583 1924 etiam
607 1858 646 1924 de
670 1880 815 1925 sermone
832 1859 952 1926 Teletis
969 1860 1088 1926 certius
1110 1858 1181 1926 fieri
1198 1861 1303 1944 possit

224 1967 395 2032 iudicium.
443 1965 482 2031 de
498 1966 670 2032 Theodoro
694 1973 801 2032 autem
825 1967 1047 2051 epitomatore,
1072 1988 1166 2051 quem
1181 1966 1302 2033 Teletis

225 2075 359 2141 libellos
374 2075 407 2140 in
423 2081 530 2140 artum
542 2075 740 2140 contraxisse
756 2079 846 2139 certo
860 2075 1044 2140 testimonio
1058 2075 1186 2156 scimus,
1199 2073 1301 2140 Wila·

226 2181 381 2247 mowitzii
396 2186 430 2246 et
441 2180 557 2246 Hensii
572 2180 690 2246 iudicio
707 2181 754 2245 ita
769 2180 959 2264 adstipulor,
975 2186 1012 2245 ut
1027 2181 1202 2246 resecuisse
1214 2181 1302 2246 illum

228 2288 363 2371 quidem
378 2288 543 2354 traiecisse
558 2289 721 2354 mutilasse
738 2288 815 2353 satis
830 2287 930 2353 multa
946 2288 1132 2371 existimem,
1149 2288 1303 2371 pauciora

229 2396 273 2460 de
286 2416 344 2460 suo
357 2394 536 2460 subdidisse
551 2395 600 2460 vel
614 2395 743 2460 liberius
758 2396 947 2479 inmutasse3
965 2399 998 2460 et
1013 2396 1205 2480 speraverim
1220 2395 1303 2460 hanc

229 2503 424 2568 sententiam
448 2502 545 2567 etiam
568 2500 699 2586 singulis
728 2501 768 2566 de
797 2502 974 2567 elocutione
998 2502 1131 2568 Teletea
1158 2502 1303 2568 observa·

229 2608 375 2675 tionibus
400 2608 638 2674 constabilitum
659 2610 709 2674 iri.
744 2614 831 2675 certe
855 2631 951 2694 quam
973 2609 1074 2676 multa
1097 2631 1136 2675 ex
1159 2610 1303 2694 priorum

231 2718 427 2799 scriptorum
450 2716 548 2798 copiis
563 2715 666 2781 Bione
690 2717 892 2800 potissimum
914 2716 1134 2782 intercedente
1153 2716 1247 2782 Tales
1270 2718 1303 2782 in

231 2844 311 2888 suos
335 2823 579 2888 commentarios
602 2824 772 2906 receperit,
793 2824 840 2888 ita
862 2845 947 2888 nunc
969 2823 1167 2906 patefactum
1190 2828 1249 2905 est,
1266 2829 1303 2887 ut

231 2931 283 2995 vel
306 2931 380 2995 hinc
403 2929 605 2996 manifestum
629 2931 671 2995 sit
687 2929 806 2996 Teletis
830 2951 913 3014 quae
937 2936 1108 3012 supersunt
1129 2952 1194 2995 non
1210 2930 1302 2994 nimis

233 3037 447 3120 degenerasse
472 3037 777 3121 epitomatoremqua
805 3057 893 3101 suam
925 3058 1056 3119 operam
1084 3038 1170 3104 intra
1196 3036 1303 3102 mode·

233 3145 352 3209 stiores
367 3142 447 3208 fines
463 3145 652 3209 coercuisse.
692 3144 750 3209 sed
770 3145 828 3209 has
849 3143 889 3210 de
910 3145 1122 3226 epitomatore
1138 3144 1188 3210 vel
1207 3145 1303 3210 etiam

234 3251 275 3316 de
286 3250 429 3317 fontibus
439 3250 560 3317 Teletis
572 3252 776 3335 quaestiones
785 3257 963 3317 retractare
976 3271 1041 3316 non
1051 3273 1157 3317 meum
1168 3251 1249 3316 duco
1258 3251 1301 3336 *).

307 3461 333 3533 *)
351 3463 469 3518 Interim
482 3464 617 3534 sagaciter
628 3464 704 3519 illam
717 3464 752 3519 de
764 3464 949 3533 epitomatore
962 3465 1151 3534 quaestionem
1163 3464 1303 3534 promovit

234 3552 412 3607 Hermannus
424 3553 499 3607 Diels
518 3553 547 3606 in
567 3571 681 3608 censura
698 3554 763 3607 libri
775 3553 910 3608 Hensiani
923 3553 1048 3609 deutsche
1060 3554 1218 3609 litterature.
1234 3555 1303 3607 1890

234 3661 264 3712 p.
284 3645 353 3696 1159
363 3661 411 3712 sq,
440 3642 571 3712 quiquid
599 3643 700 3698 sentiat
726 3643 770 3697 hia
796 3643 881 3711 ipsius
908 3643 1000 3697 verbis
1028 3643 1176 3698 indicetur:
1196 3641 1303 3698 ‘Dieaer

236 3734 285 3797 (sc.
305 3731 478 3803 Theodorus)
505 3733 598 3788 wiirde
627 3734 721 3788 seinen
740 3732 847 3787 Namen
875 3733 952 3786 nicht
971 3732 1019 3787 auf
1033 3733 1088 3787 den
1106 3732 1180 3787 Titel
1198 3736 1304 3803 gesetzt

235 3821 334 3889 haben,
353 3839 434 3875 wenn
452 3839 483 3877 er
500 3822 577 3876 nicht
595 3823 647 3876 mit
665 3822 741 3877 einer
759 3822 892 3893 gewissen
907 3821 1141 3892 Selbstiindiglreit
1158 3821 1304 3877 verfahren

236 3913 317 3965 wilre.
348 3910 387 3964 Es
405 3911 442 3964 ist
460 3911 518 3965 also
531 3912 599 3978 klar,
619 3912 675 3965 und
688 3911 750 3966 eine
764 3911 935 3981 eingeheude
948 3910 1068 3979 Analyse
1081 3911 1150 3964 wird
1163 3928 1192 3965 es
1205 3910 1303 3966 durch·

236 4017 296 4071 weg
314 4001 478 4071 bestitigen,
499 4001 561 4054 dass
580 4001 630 4054 wir
647 4001 726 4054 nicht
744 4000 833 4066 Teles,
852 4001 972 4055 sondern
991 3999 1044 4055 den
1063 3999 1241 4069 Epitomator
1258 4018 1303 4053 zu-

237 4088 334 4143 nitobst
352 4089 576 4144 verantwortlich
595 4108 628 4142 zu
645 4090 761 4144 macheu
780 4089 870 4143 haben
897 4088 942 4143 for
969 4089 1022 4164 den
1047 4089 1219 4158 jammervoll
1247 4107 1303 4144 zer·

238 4181 359 4233 riitteten
372 4178 494 4232 Zustand
513 4179 604 4233 dieser
616 4177 774 4248 Excerpte’.
800 4177 848 4232 sed
866 4179 900 4232 de
919 4195 967 4232 sno
986 4179 1073 4232 multa
1091 4179 1303 4247 epitomatorem

238 4269 408 4322 sermonibus
422 4268 545 4322 intulisse
559 4286 593 4322 ne
602 4268 698 4323 Dilesii
712 4268 823 4337 quidem
835 4268 1003 4338 argumentis
1016 4270 1220 4337 comprobatur.
1240 4286 1303 4323 nam

1092 4377 1105 4428 1
