3398 5230
780 602 997 662 ..54-

355 795 395 861 cf.
412 791 466 879 40,
480 800 511 860 2.
541 793 688 860 Alexidis
711 793 819 859 fabula
841 793 997 876 inscripta
1020 796 1089 856 erat
1105 789 1257 878 Ποιήτρια.
1286 791 1424 855 recurrit

356 903 443 985 apud
466 902 679 986 posteriores,
704 901 744 965 cf.
770 898 901 965 Schmid
923 898 944 966 l.
969 921 996 963 c.
1019 898 1039 962 I
1060 921 1093 982 p.
1118 900 1192 962 371.
1226 896 1312 980 apud
1334 896 1422 963 Plut.

354 1005 441 1076 Hell.
465 1031 496 1092 p.
516 1014 579 1072 300
603 1008 632 1072 F
657 1013 704 1072 est
728 1012 864 1095 ποιήτρια
887 1007 993 1092 μελῶν,
1018 1004 1106 1088 quod
1129 1003 1204 1070 addi
1226 1009 1357 1086 poterat
1378 1004 1424 1068 in-

356 1117 418 1181 dici
433 1113 686 1200 Wyttenbaehii.

423 1220 479 1308 ῥοοί
502 1223 539 1306 (l.
556 1219 612 1307 ῥοά
634 1221 761 1308 Hense)
785 1220 864 1288 dixit
886 1219 980 1285 Teles
1003 1224 1058 1302 42,
1077 1223 1106 1302 5,
1129 1239 1195 1283 non
1219 1215 1293 1303 ῥοιά.

425 1327 552 1414 ῥυπαρία
577 1329 681 1413 (24,5
711 1325 747 1390 δι’
771 1325 977 1411 ἀνελευθερίαν
1000 1329 1051 1390 καί
1073 1323 1215 1411 ῥυπαρίαν
1240 1329 1349 1408 27,11
1377 1326 1425 1388 διὰ

357 1435 498 1521 ῥυπαρίαν
525 1439 575 1499 καὶ
605 1434 727 1520 δειλίαν)
752 1434 782 1498 vi
809 1433 966 1500 translata
994 1439 1043 1500 est
1072 1433 1301 1515 recentiorum,
1325 1431 1424 1514 Plut,

356 1543 455 1610 Dion.
473 1541 563 1610 Cass.

423 1651 544 1722 ονυτείυς
561 1653 612 1731 35,
629 1653 668 1716 10
695 1649 775 1714 dixit
790 1647 886 1713 'Peles
910 1651 943 1712 et
966 1656 1096 1711 censetor
1114 1649 1167 1730 35,
1185 1649 1214 1729 5,
1238 1666 1304 1712 non
1319 1667 1425 1710 σκυτο-

358 1762 447 1843 τόμος
470 1762 502 1821 et
526 1764 737 1842 σκυτοτομεῖον.
773 1753 813 1820 ef.
829 1753 953 1820 Moeris
975 1775 1007 1836 p.
1025 1758 1100 1833 203,
1118 1756 1159 1818 25
1184 1752 1286 1818 Bekk.

425 1865 605 1947 στενοχωρία
630 1860 699 1948 (46,
723 1865 763 1924 13
792 1859 822 1926 ἐν
845 1863 1026 1946 στενοχωρία
1048 1863 1099 1924 ναί
1122 1858 1245 1945 ἀπορία)
1270 1860 1301 1925 vi
1322 1864 1425 1924 trans·

358 1969 425 2034 late.
448 1968 535 2052 apud
559 1968 699 2052 optimos
723 1968 897 2051 scriptores
920 1968 972 2032 vix
994 1967 1166 2051 reperitur,
1195 1966 1314 2050 legitur
1339 1965 1425 2051 apud

358 2075 564 2160 posteriores
588 2075 715 2160 Polyb,
738 2075 837 2157 Plut,
861 2074 959 2139 Dion.
976 2072 1102 2160 Chrys,
1125 2073 1232 2157 Epist.

426 2180 592 2267 ίνδρτυπικός
616 2187 648 2247 et
670 2178 771 2268 δδρυψ
780 2182 805 2269 ¹)
829 2183 929 2267 (29,2
953 2180 1042 2253 εἴτις
1065 2185 1112 2246 τὸν
1135 2179 1299 2267 δδρωπτκὸν
1318 2182 1426 2265 βουλό-

359 2311 447 2376 μενος
470 2297 580 2352 παῦσαι
602 2297 652 2351 τοῦ
677 2289 787 2375 δίψους,
811 2293 858 2354 τὸν
881 2294 934 2376 μὲν
949 2286 1071 2374 ὕδρωπα
1086 2294 1128 2377 μὴ
1144 2289 1319 2376 θεραπεία)
1343 2311 1425 2354 com·

359 2399 475 2477 parent
497 2394 571 2458 inde
595 2393 636 2458 ab
652 2393 841 2463 Aristotele.
874 2395 987 2462 comici
1010 2416 1136 2461 versum
1154 2396 1311 2463 odoretur
1321 2394 1424 2460 Wila-

359 2501 483 2566 mowitz
505 2501 539 2564 in
560 2500 664 2566 verbis
688 2501 829 2566 auctoris
851 2523 882 2569 π.
905 2498 952 2588 ip.
975 2523 1007 2585 p.
1031 2505 1143 2584 13,10
1167 2502 1217 2569 ed.
1233 2501 1326 2571 Iabn.
1342 2497 1426 2567 οδδὲν

360 2612 416 2692 γάρ
441 2628 513 2696 φασι
537 2606 691 2693 ξηρότερον
714 2603 889 2693 ὖδρτυπτκοῦ.

428 2711 551 2797 ῥπαρξις
574 2712 643 2799 (32,
667 2717 706 2778 13
730 2718 800 2778 ποία
823 2718 985 2801 χρημάτων
1007 2711 1130 2799 ῥπαρξις
1155 2718 1206 2793 15,
1229 2719 1247 2778 6
1276 2717 1353 2779 κατὰ
1376 2719 1427 2803 τὴν

360 2831 416 2885 τῶν
439 2822 577 2884 terebros
592 2817 726 2908 ὕπαρξιν)
751 2826 799 2885 est
822 2821 1038 2905 posteriorum
1053 2842 1125 2904 von,
1150 2842 1285 2905 quorum
1301 2819 1428 2887 Aristo·

360 2928 456 2994 telem
479 2927 652 3012 Polybium
674 2927 800 2994 adferre
824 2929 901 2994 satis
923 2928 1038 2994 babeo.

428 3041 522 3124 φυστή
553 3036 657 3118 (4,12
687 3036 793 3121 γρᾴδια
824 3039 933 3124 φυστὴν
964 3037 1106 3124 φαγόντα)
1136 3033 1241 3119 ‘panis
1270 3034 1427 3121 plebeius’

359 3146 467 3230 μᾶία;
483 3142 653 3226 Aristopb.
670 3165 755 3228 vesp.
774 3148 838 3209 610
854 3143 970 3227 Mein.3
987 3142 1025 3209 cf.
1039 3142 1219 3211 Herodian.
1235 3143 1254 3208 I
1268 3166 1300 3229 p.
1319 3147 1393 3227 344,
1409 3150 1427 3208 7

359 3249 483 3331 Lentu,
512 3249 634 3314 Athen.
651 3249 709 3314 ΙΠ
734 3253 797 3316 114
812 3251 834 3315 f.
865 3250 983 3334 legitur
1006 3251 1198 3334 aliquotiens
1221 3251 1308 3334 apud
1331 3251 1428 3316 comi-

361 3379 426 3441 cos,
444 3356 483 3421 cf.
498 3356 613 3422 Iacobi
627 3356 693 3423 ind.
711 3378 791 3422 conr.
825 3361 930 3444 μᾶζαν,
946 3356 1033 3442 quod
1048 3358 1153 3440 ipsum
1169 3379 1297 3442 quoque
1311 3359 1429 3442 legitur

362 3469 414 3548 30,
430 3469 480 3545 10,
494 3465 536 3529 ad
548 3461 740 3548 Cynicorum
752 3465 869 3530 victum
880 3467 1041 3548 pertinere
1054 3472 1167 3532 notum
1178 3471 1238 3549 est,
1252 3465 1291 3531 cf.
1303 3465 1428 3532 Weber

360 3573 381 3641 l.
398 3595 427 3638 c.
443 3596 475 3656 p.
494 3577 557 3636 106
573 3572 646 3640 adn.
666 3577 694 3656 1,
718 3594 750 3656 p.
770 3577 831 3638 137
857 3572 931 3638 adn.
948 3579 979 3638 2.

427 3680 572 3745 Transeo
596 3678 639 3745 ed
662 3679 828 3748 adiectivs.

428 3788 598 3872 ἀβάσκανος
620 3792 675 3872 42,
701 3792 753 3854 14.
792 3788 983 3854 adiectivum
1005 3789 1123 3874 legitur
1147 3790 1242 3856 etiam
1265 3790 1352 3874 apud
1374 3791 1428 3856 Io·

435 4073 456 4142 ¹)
475 4072 531 4127 Pro
547 4071 636 4144 ίδρωψ
650 4073 763 4128 adhibet
776 4077 873 4128 auctor
885 4076 1021 4129 tractatus
1035 4093 1060 4129 π.
1076 4091 1165 4146 resep.
1180 4072 1294 4126 πλούτου
1308 4073 1352 4125 καί
1365 4071 1428 4144 ἀρε-

359 4168 410 4233 τῆς
430 4162 519 4229 (Stob.
532 4161 592 4216 flor.
606 4181 631 4216 ν.
645 4162 693 4217 ΙΠ
710 4181 738 4232 p.
753 4164 813 4229 187,
828 4165 861 4216 12
873 4161 974 4233 Mein.)
992 4162 1013 4235 ἡ
1032 4171 1082 4215 τῶν
1102 4161 1262 4235 ίδερτώντων
1278 4161 1361 4223 νόοος.
1386 4165 1428 4216 est

362 4249 454 4322 ὑδεριῶ
471 4256 563 4305 autem
582 4252 696 4305 verbum
713 4252 907 4318 recentiorum,
925 4252 1001 4306 velut
1020 4253 1196 4321 Dioscoridis,
1217 4251 1348 4306 Aristidis
1368 4269 1428 4305 ore-

360 4339 437 4405 toris,
458 4339 579 4406 Aeliani,
599 4338 632 4393 of.
647 4339 761 4394 Schmid
779 4341 797 4394 l.
811 4359 834 4395 c.
847 4340 880 4394 II
897 4359 926 4410 p.
939 4343 1000 4395 225.
