3388 5236
687 591 908 653 ..33-

263 785 337 851 ῶστε
362 779 504 852 δαπανᾶν.
551 784 643 850 facile
667 781 858 851 subauditur
872 785 1042 850 infinitivus
1058 785 1090 850 in
1105 785 1154 850 his
1173 776 1258 867 10,a
1278 775 1329 849 aul

262 889 327 956 obre
350 894 442 976 τουτῳ
465 889 577 976 ῥᾴδιον,
607 889 682 954 ὥστε
709 902 749 975 τῷ
777 893 893 975 πλοὺτῳ
919 888 1096 976 ἐλευθερίως
1118 895 1169 956 παὶ
1192 890 1329 982 ἀφόρτως

263 998 324 1085 (sc.
340 998 500 1087 χρῆσθαι),
524 993 588 1062 obre
611 994 722 1083 ἐκείνῳ,
739 993 813 1062 ὥστε
833 1001 916 1084 <πῇ>
933 995 1016 1082 πενία
1038 1002 1183 1080 γενναίως.
1213 998 1329 1081 ellipsis

263 1128 363 1191 genus
386 1107 487 1172 multo
512 1105 620 1171 durius
643 1110 718 1189 post
741 1103 815 1170 ὥστε
835 1106 1027 1189 particulam
1050 1106 1178 1172 admitti
1197 1106 1238 1172 ab
1254 1104 1330 1170 Ari-

263 1214 378 1279 stotele
392 1212 614 1298 comprobavit
622 1212 749 1282 Vahlen
762 1218 931 1278 comment.
956 1212 995 1279 de
1011 1219 1081 1279 arte
1094 1213 1223 1297 poetica
1236 1212 1330 1278 libri³

262 1342 294 1404 p.
320 1325 395 1387 280.
442 1325 584 1386 ceterum
608 1341 680 1385 cum
703 1319 823 1386 Teletis
852 1320 996 1404 exemplo
1025 1324 1100 1403 apte
1128 1318 1329 1403 comparabis

263 1427 350 1494 Xen.
368 1449 494 1512 apomn.
512 1427 531 1492 Ι
548 1431 577 1512 3,
595 1432 614 1492 6
639 1428 655 1492 δ
677 1436 738 1499 τοῖς
760 1429 906 1500 πλείστοις
921 1424 1134 1512 ἐργωδέστατόν
1150 1424 1234 1504 ἐστιν,
1255 1424 1330 1491 ὥστε

263 1535 455 1623 φυλάξασθαι
477 1532 549 1612 aab,
579 1534 635 1600 ubi
656 1535 847 1619 particulam
869 1534 989 1601 frustra
1010 1533 1191 1618 nuperrime
1214 1533 1328 1600 sollici-

263 1642 342 1708 tavit
364 1641 392 1706 I.
409 1641 437 1706 Ι.
454 1640 617 1707 Hartman
637 1642 721 1707 anal.
737 1641 827 1707 Xen.
843 1665 875 1728 p.
895 1646 968 1706 158.
999 1642 1117 1726 legitur
1132 1643 1228 1708 etiam
1244 1641 1330 1726 apud

262 1748 432 1815 Platonem
452 1747 585 1832 Protag.
601 1770 634 1832 p.
653 1747 759 1814 3380
782 1749 923 1814 ἀδίνατον
946 1747 1011 1835 ὑμῖν
1034 1747 1109 1814 ὥστε
1131 1747 1331 1834 Πρωταγόρου

263 1857 346 1920 τοῦδε
362 1860 529 1944 σορὼτερόν
543 1878 606 1921 τινα
622 1853 755 1933 ἑλέσθαι,
771 1877 836 1939 quo
851 1855 922 1922 loco
939 1856 1081 1923 ἀδὺνατον
1096 1854 1169 1937 <ὂν>
1186 1852 1251 1942 ὑμῖν
1268 1855 1331 1920 ἴστε

263 1964 342 2029 scite
359 1984 435 2028 sane
452 1962 509 2028 sed
525 1961 683 2046 superflue
699 1963 881 2047 temptabat
892 1963 1050 2033 Badham.
1076 1964 1172 2029 immo
1188 1963 1268 2029 haec
1284 1963 1330 2027 in·

262 2072 362 2137 vicem
375 2092 409 2135 se
423 2075 606 2136 sustentant
619 2069 773 2154 exempla,
787 2070 826 2135 cf.
838 2070 971 2155 Madvig
979 2071 1083 2154 sprot.²
1095 2093 1127 2154 p.
1142 2073 1205 2136 144
1215 2070 1288 2136 adn.
1301 2074 1331 2136 1.

330 2178 428 2244 semel
451 2178 598 2262 denique,
622 2184 659 2243 ut
682 2178 724 2245 ad
740 2179 885 2244 Teletem
908 2185 1060 2263 revertar,
1084 2179 1201 2262 legitur
1216 2182 1270 2261 43,
1290 2181 1330 2241 13

263 2283 335 2371 ὅπερ
364 2288 408 2350 δεῖ
434 2289 482 2352 τὸν
511 2290 656 2372 μακάριον
679 2283 763 2363 εἶναι,
788 2283 876 2350 ὥστε
899 2283 957 2352 οἷον
981 2293 1054 2374 μήτε
1078 2283 1124 2350 ἐπί
1147 2287 1233 2375 φίλου
1257 2290 1331 2374 μήτε

263 2391 310 2457 ἐπὶ
340 2397 442 2457 τίωοο
472 2395 591 2479 τελευτῇ
623 2394 794 2480 λυπηθῆναι
824 2415 889 2460 non
918 2394 986 2460 sine
1015 2393 1165 2478 singulari
1192 2392 1331 2476 quadam

264 2500 418 2566 sermonis
443 2499 650 2565 abnndantia.

329 2627 433 2690 pauca
461 2606 580 2672 addere
609 2605 688 2672 libet
722 2606 761 2671 de
794 2604 949 2672 infinitivo
982 2628 1054 2672 cum
1087 2606 1223 2673 articulo
1257 2627 1331 2672 con·

263 2714 382 2778 iuncto.
406 2718 503 2798 atqua
519 2713 553 2778 iu
568 2713 749 2778 universum
764 2714 957 2779 monendum
977 2719 1026 2780 est
1042 2718 1074 2780 et
1089 2713 1189 2779 multa
1205 2719 1330 2779 exstare

263 2821 355 2886 huius
377 2820 523 2886 infinitivi
546 2820 633 2904 apud
649 2820 795 2887 Teletem
815 2821 960 2904 exempla
983 2826 1015 2886 et
1038 2842 1109 2887 eam
1131 2820 1197 2886 fere
1222 2820 1331 2886 obser-

263 2929 330 2994 vari
344 2929 503 2994 rationem
526 2950 621 3012 quam
637 2927 866 2993 Demosthenis
888 2927 955 2994 fere
970 2927 1169 3011 temporibus
1193 2927 1331 2993 valuisse

263 3058 366 3120 nuper
381 3036 530 3120 exposuit
541 3036 734 3101 Franciscus
746 3035 891 3102 Birklein
908 3038 1254 3118 entwiclclunprperclt.
1271 3038 1332 3100 dea

263 3147 560 3210 substantioiertea
590 3149 651 3225 inf.
675 3143 881 3227 Wirceburgi
910 3165 939 3209 a.
967 3145 1062 3209 1888.
1097 3147 1185 3208 certe
1215 3162 1332 3225 magna

263 3251 413 3316 libertate
429 3251 591 3316 adduntur
605 3249 760 3316 infinitivo
784 3252 915 3317 nomina
930 3250 1146 3334 praedicativa
1162 3254 1218 3316 aut
1234 3250 1331 3315 etiam

263 3358 325 3424 alia
352 3357 496 3424 membra
522 3359 607 3424 inter
630 3358 798 3423 articulum
826 3363 858 3424 et
885 3358 990 3442 ipsum
1018 3356 1206 3422 infinitivum
1235 3356 1327 3422 collo·
1350 3399 1364 3412 .

263 3471 350 3549 cata,
375 3465 459 3531 velut
486 3466 649 3550 genetivus
677 3465 844 3532 absolutus
872 3475 936 3540 πῶς
958 3465 991 3529 δὲ
1019 3461 1073 3529 οὐκ
1101 3463 1253 3546 ἀλόγιστον
1281 3466 1332 3527 καί

263 3572 364 3644 ἄλλως
386 3577 510 3659 μάταιον
532 3575 565 3637 τδ
588 3573 813 3660 τελευτήσαντος
835 3582 885 3636 τοῦ
908 3573 994 3662 φίλου
1009 3574 1170 3659 καθῆσθαι
1190 3569 1332 3637 κλαίοντα

262 3683 313 3745 καί
336 3681 529 3766 λυποὺμενον;
556 3682 609 3762 45,
630 3682 684 3762 10,
707 3680 757 3746 uel
781 3680 979 3745 enuntiatum
999 3679 1166 3745 relativum
1189 3683 1265 3765 μέγα
1282 3699 1331 3763 μοι

264 3788 345 3852 δοκεῖ
368 3791 401 3853 τδ
424 3785 454 3854 ἐν
477 3785 498 3872 ᾖ
521 3785 633 3870 ἐγένετο
656 3810 699 3861 τις
721 3790 772 3852 καί
795 3785 924 3877 ἐτράφη,
948 3783 978 3853 ἐν
1001 3788 1092 3872 ταὺπρ
1114 3788 1331 3868 καταγενὲσδαι

267 3898 317 3979 19,
335 3899 365 3977 3,
390 3895 430 3966 cf.
447 3900 499 3980 20,
520 3898 548 3960 1.

248 4004 256 4016 ’
330 4002 466 4068 subiecti
487 4002 586 4085 igitur
601 4002 669 4068 vice
692 4001 836 4086 fungitur
851 4000 1022 4067 infinitivus
1046 4021 1119 4066 cum
1142 3999 1277 4066 articulo
1297 3999 1331 4064 in

263 4109 311 4174 his
338 4112 405 4194 1,4
428 4113 460 4175 rb
484 4111 580 4174 δονεῖν
603 4108 720 4192 ἀγαθὸν
736 4107 807 4174 εἶναι
833 4112 931 4192 1,11.
959 4112 1068 4190 18,12
1094 4108 1174 4173 ἀλλὰ
1189 4112 1272 4171 τοῦτό
1287 4130 1330 4189 γε,

263 4214 419 4305 εὑρεθῆναι
442 4221 493 4305 τὴν
515 4213 643 4303 πατρίδα
666 4221 828 4306 μοχθηρὰν
851 4220 902 4280 καὶ
924 4215 1085 4303 ἀχάριστον
1108 4212 1207 4291 οὖσαν,
1230 4211 1272 4287 εἷς
1295 4215 1331 4301 ἢν

263 4326 361 4389 πολλά
383 4348 426 4397 τις
448 4322 587 4412 ἐπόνησε,
610 4335 675 4398 πῶς
698 4321 753 4389 oda
776 4323 953 4414 ἀκλήρηρα;
981 4321 1035 4389 ubi
1062 4323 1153 4389 deest
1176 4317 1330 4387 articulus

1116 4449 1133 4501 3
