3398 5230
688 577 907 639 ..47-

693 883 809 972 Caput
835 883 903 954 HI.

573 1065 627 1148 lle
655 1064 771 1168 copia
798 1063 1028 1148 verborum.

332 1278 423 1364 Quae
454 1279 494 1344 do
527 1279 620 1363 copia
650 1278 819 1344 verborum
851 1283 884 1343 et
917 1277 1043 1344 delectu
1074 1298 1266 1362 componere
1298 1278 1331 1342 in

265 1389 370 1454 animo
386 1392 445 1468 est,
469 1387 515 1453 ita
529 1385 691 1472 proferam
706 1392 743 1451 ut
758 1407 904 1452 seorsum
928 1385 967 1450 de
988 1385 1166 1451 nominibus
1186 1385 1332 1452 substan-

265 1497 337 1562 tivis
361 1502 486 1579 agatur,
510 1495 550 1561 de
574 1495 747 1576 adiectivis,
772 1495 812 1560 de
835 1494 948 1562 verbis.

331 1602 385 1668 Ac
415 1602 545 1668 nomina
576 1602 785 1687 perlustranti
814 1601 912 1667 cuivis
941 1601 1066 1684 patebit
1098 1599 1272 1667 admodum
1299 1601 1331 1667 in

266 1709 385 1777 deliciis
410 1709 555 1776 Teletem
577 1708 725 1776 habuisse
748 1710 869 1776 formas
893 1709 1113 1774 deminutivas.
1148 1713 1260 1773 notum
1283 1712 1333 1774 est

266 1817 350 1910 enim
389 1837 485 1900 quam
523 1815 658 1883 finitima
691 1816 787 1882 fuerit
821 1814 1014 1902 Cynicorum
1054 1815 1158 1882 oratio
1193 1815 1334 1881 sermoni

265 1923 413 1989 familiari
444 1945 602 2008 quamque
637 1924 728 1990 cordi
760 1923 821 1990 illis
855 1923 951 1989 fuerit
984 1923 1084 2007 ipsius
1115 1923 1199 1988 vitae
1231 1922 1333 1987 vivam

266 2051 436 2114 veramque
466 2031 634 2115 imaginem
661 2036 914 2114 repraesentare.
949 2051 1052 2114 neque
1079 2030 1177 2114 igitur
1204 2050 1332 2112 respue-

265 2138 346 2204 bant
360 2137 491 2204 nomina
514 2138 709 2204 deminutiva
731 2143 846 2222 utpote
862 2138 1017 2204 sermonis
1033 2137 1170 2221 vulgaris
1190 2136 1332 2220 propria.

265 2245 427 2310 sotiorum
449 2243 594 2328 exempla
615 2245 701 2309 velut
721 2247 827 2332 θηρίον
852 2244 991 2332 (Bionis)
1009 2250 1038 2326 6,
1066 2249 1081 2309 1
1106 2241 1218 2331 ἱμάτιον
1237 2248 1288 2328 11,
1301 2249 1332 2309 8.

268 2355 319 2433 30,
346 2354 396 2416 12.
427 2355 468 2415 13
498 2355 615 2436 κρανίον
646 2356 698 2435 27,
723 2356 742 2416 9
773 2356 912 2438 μειράκια
944 2356 995 2434 10,
1021 2355 1061 2416 10
1091 2352 1204 2417 παιδίον
1236 2355 1288 2435 19,
1313 2356 1332 2415 6

267 2457 404 2544 (Bionis)
429 2463 480 2540 38,
503 2464 522 2523 9
548 2457 715 2545 (Cratetis)
739 2481 803 2525 uno
826 2459 924 2525 verbo
947 2459 1094 2526 attulisse
1118 2459 1196 2525 satis
1218 2459 1333 2527 habeo.

266 2587 370 2649 neque
392 2566 511 2650 γρόρδιον
534 2566 617 2632 inter
639 2566 764 2632 rariora
786 2566 968 2632 habendum
991 2570 1044 2650 25,
1065 2569 1086 2630 4
1114 2569 1187 2653 μετὰ
1213 2566 1334 2651 γρορδὶοο

266 2676 298 2754 4,
315 2675 353 2737 12
365 2672 472 2757 γρᾴδια
483 2675 538 2756 47,
554 2676 593 2736 15
610 2683 670 2744 τοῖς
681 2673 820 2758 γραδὶοις,
836 2681 923 2740 certe
935 2673 975 2740 ab
988 2673 1209 2757 Aristophane
1220 2672 1334 2739 Xeno-

265 2780 388 2863 phonte
403 2778 622 2846 Demosthene
644 2801 710 2846 non
733 2780 870 2847 alienum
887 2785 945 2847 est.
981 2781 1021 2846 de
1036 2779 1193 2846 vocabulo
1215 2779 1335 2844 ἀκάτιον

268 2886 354 2970 quod
376 2886 492 2971 legitur
517 2890 600 2970 19,6
625 2887 666 2955 of.
678 2887 921 2973 Wyttenbachii
942 2887 1099 2956 animadv.
1119 2888 1152 2952 in
1168 2886 1335 2953 Plutarchi

266 2992 383 3058 librum
407 2994 446 3059 de
470 2994 635 3060 audiendis
658 2995 762 3078 poetis
786 3017 817 3078 p.
837 2993 935 3062 151).
966 2991 1082 3078 ἐλᾴδιον
1108 2997 1189 3075 31,1
1210 2995 1335 3079 saepius

267 3100 383 3186 legitur
398 3101 484 3185 apud
500 3101 652 3184 nominoe,
669 3101 814 3185 exempla
830 3103 1025 3170 enumeravit
1040 3101 1152 3167 lacobi
1166 3100 1231 3169 ind.
1249 3121 1332 3169 com.

268 3229 294 3276 s.
310 3230 339 3273 v.
348 3209 383 3294 ¹).
407 3211 439 3272 ιδ
455 3205 576 3275 ἐνοίκιον
592 3208 684 3295 (Bio)
705 3213 755 3292 10,
772 3213 811 3273 15
827 3209 945 3276 habent
961 3208 1195 3275 Demosthenes
1210 3208 1335 3274 Isaeus.

268 3312 424 3401 λαχανίοις
446 3312 615 3382 ‘oluscula’
642 3316 731 3400 quod
753 3317 870 3401 legitur
894 3321 947 3400 30,
968 3321 1006 3383 10
1031 3316 1205 3383 admodum
1228 3337 1336 3382 rarum

269 3428 319 3488 est
341 3444 459 3489 nomen
483 3423 720 3489 deminutivum.
747 3423 882 3490 alterum
905 3423 1001 3506 idque
1024 3423 1192 3506 singularis
1214 3422 1337 3488 numeri

269 3531 448 3614 exemplum
464 3537 569 3597 exstat
585 3531 672 3614 apud
687 3531 867 3614 Diogenem
882 3530 1049 3596 Laertium
1071 3530 1109 3595 Il
1128 3533 1201 3612 139,
1225 3529 1336 3595 ubine

270 3638 341 3720 quis
373 3638 515 3725 λαχάνιον
549 3660 566 3703 e
598 3636 820 3724 Lycophronis
853 3638 997 3703 dramate
1031 3636 1171 3723 satyrico
1204 3637 1260 3720 qui
1289 3636 1336 3700 in-

271 3744 422 3810 scribitur
444 3743 654 3811 Menedemus
683 3745 888 3829 adsumptum
916 3765 985 3810 esse
1013 3745 1239 3828 properantius
1263 3764 1338 3809 con·

268 3850 345 3916 iciat
376 3852 493 3936 (ipsum
510 3852 609 3944 ¹enim
641 3850 889 3937 Lycophronem
920 3857 1084 3934 tamquam
1116 3856 1230 3916 testem
1262 3872 1339 3916 mox

269 3957 375 4024 adfert
412 3957 563 4024 Laertius
604 3960 696 4047 140),
735 3964 866 4024 cavetur
903 3958 967 4025 hoc
1004 3956 1164 4040 Antigoni
1201 3954 1339 4043 Carystii

342 4135 362 4204 ¹)
383 4136 497 4191 Addere
509 4136 589 4205 potui
608 4133 787 4207 παιδαριώδης
809 4137 850 4202 17,
863 4137 889 4189 6.
920 4134 994 4189 haud
1012 4151 1100 4202 pauca
1118 4133 1229 4187 illorum
1247 4151 1338 4188 recur-

270 4229 335 4279 runt
353 4227 426 4295 apud
438 4225 596 4294 Amanum,
617 4226 691 4281 velut
710 4222 811 4294 ἐλᾴδιον
825 4225 889 4278 diss.
902 4224 996 4294 Epict.
1015 4223 1047 4279 II
1060 4226 1103 4291 20,
1116 4225 1160 4277 23.
1179 4222 1226 4278 ΠΙ
1240 4224 1337 4291 10,16.

271 4313 374 4369 enchir.
389 4315 431 4382 12,
444 4317 470 4370 2.
502 4313 536 4371 cl.
549 4314 708 4370 Wendland
726 4317 831 4383 quaest.
843 4313 954 4368 Muson.
967 4331 995 4382 p.
1011 4314 1052 4370 11.
