3398 5230
667 509 896 570 .-73-

256 703 444 770 desinentia.
479 701 565 767 velut
596 707 731 766 auctore
761 699 866 766 Bione
896 699 1024 782 scripsit
1051 701 1148 781 40,2
1178 696 1221 763 Ἥ
1243 701 1320 788 τίχη

255 807 352 894 ὥσπερ
367 812 504 896 ποιήτριοί
518 830 561 881 τις
576 805 650 872 οὖσα
665 808 839 871 παντοδαπὰ
855 817 931 870 ποιεῖ
940 811 1083 890 πρόσωπα
1094 805 1155 871 κτέ.
1169 805 1224 894 (ci.
1237 807 1320 872 Hor.

258 922 317 981 sat.
328 916 345 980 Ι
358 921 388 997 6,
403 917 457 1000 57)
473 935 533 980 nec
549 915 617 979 sine
632 919 702 980 arte
718 914 811 979 haec:
829 911 987 1000 ἐπιθυμίας
1002 917 1053 977 καί
1063 911 1203 998 ἐπιβολὰς
1217 917 1322 979 τοσοί-

256 1045 311 1086 των
338 1026 390 1086 καί
415 1024 549 1087 τοιοίτων
577 1019 639 1109 ἔχει
664 1025 721 1104 31,
746 1024 786 1085 11
816 1020 864 1086 vel
891 1019 1035 1107 ἀσφαλῶς
1061 1025 1112 1084 καί
1141 1019 1263 1092 ἀκὸπως
1289 1023 1322 1088 in

256 1134 408 1194 tmemate
438 1127 526 1213 quod
554 1128 698 1194 Bioneae
730 1128 859 1212 originis
892 1148 961 1192 esse
990 1127 1106 1192 editori
1135 1129 1229 1211 pauci
1258 1151 1323 1195 non

257 1234 435 1300 concedent
453 1238 503 1315 19,
521 1239 551 1298 8.
583 1233 733 1299 ἀδάπανον
756 1237 806 1297 καί
827 1231 988 1319 ἀτρίρερον
1012 1232 1129 1316 legitur
1151 1235 1184 1300 in
1200 1234 1323 1301 Bionea

256 1343 456 1425 paupertatis
481 1343 626 1408 oratione
648 1344 679 1423 4,
699 1345 750 1406 12.
785 1343 862 1407 item
877 1362 943 1405 non
959 1341 1025 1405 sine
1042 1341 1172 1406 consilio
1196 1343 1323 1427 scripsit

257 1449 335 1514 haee
361 1452 412 1530 25,
436 1453 453 1513 1
478 1447 559 1512 ἀλλὰ
581 1449 671 1512 πλείω
694 1445 722 1510 οἱ
744 1457 801 1535 μῦς
820 1451 1009 1511 κατεσθίουσι
1028 1451 1079 1511 καί
1107 1445 1133 1511 οἱ
1160 1451 1323 1538 μίρμηκες.

258 1557 298 1621 of.
321 1557 408 1621 Plut.
433 1556 473 1621 de
497 1555 598 1622 cohib.
627 1557 677 1620 ira
698 1578 731 1639 p.
754 1559 820 1620 458
844 1553 871 1619 O
895 1555 1092 1642 μυρμηκῶδες
1119 1560 1170 1619 καί
1197 1558 1322 1641 μυῶδες,

257 1663 342 1728 uude
374 1685 466 1728 suum
494 1663 574 1728 illud
597 1660 714 1728 ‘mures
742 1659 971 1746 formicaeque'
995 1661 1118 1728 Seneca
1148 1664 1187 1729 de
1216 1665 1265 1729 ira
1287 1665 1326 1730 H

261 1772 348 1852 34‚1
373 1771 485 1836 eodem
515 1776 647 1836 auctore
677 1791 754 1835 usus
785 1791 822 1835 ac
845 1769 1049 1834 Plutarchus.
1085 1776 1154 1835 arte
1182 1771 1323 1854 quedam

260 1883 293 1942 et
321 1876 525 1960 simplicitate
557 1877 800 1942 commendatur
833 1876 912 1941 illud
944 1877 1030 1961 quod
1062 1899 1159 1960 supra
1188 1878 1251 1943 alia
1284 1879 1323 1943 de

261 2004 357 2048 eausa
384 1985 628 2050 commemoravi
650 1981 785 2068 abrepta,
815 1985 992 2049 διοίστειλον·
1015 1982 1138 2066 ἀπορία,
1167 1985 1322 2060 σίστειλον,

260 2091 349 2155 cuius
372 2090 439 2156 fere
462 2092 562 2156 simile
578 2091 744 2166 artificium
760 2091 821 2156 hoc
837 2088 957 2167 ἐκποιεῖ,
981 2101 1105 2178 χρῆσαι·
1128 2089 1183 2155 οὐκ
1205 2089 1324 2167 ἐκποιεῖ,

259 2206 375 2261 παῶσαι.
386 2218 445 2262 nec
456 2219 521 2263 non
534 2198 681 2263 consulto
695 2203 933 2280 componuntur
944 2219 1025 2281 quae
1039 2219 1077 2263 ex
1086 2193 1219 2263 Oratete
1229 2197 1323 2264 Tales

259 2302 363 2368 Bione
384 2309 420 2369 ut
442 2304 567 2369 videtur
590 2310 722 2370 auctore
745 2305 876 2386 repetiit
900 2309 1030 2393 στρέφων
1057 2309 1109 2367 καί
1134 2305 1251 2391 μέλλων
1274 2309 1326 2369 καί

259 2415 371 2496 τρέμων
395 2415 448 2493 28,
472 2416 491 2475 8
515 2410 565 2475 vel
586 2411 669 2476 infra
692 2432 775 2494 quae
799 2412 896 2476 etiam
918 2411 1003 2476 inter
1029 2409 1184 2496 asyndeta
1208 2410 1323 2476 referri

258 2521 434 2598 potuerant
448 2513 504 2580 ὑπὸ
527 2521 641 2582 πάντων
663 2519 770 2582 τοτ’)των
793 2527 989 2604 μαστιγοῦται,
1012 2527 1230 2605 παρατηρεῖται,
1254 2541 1326 2603 τρα-

259 2625 409 2711 χηλίζεται
433 2628 522 2706 39,1
547 2624 596 2689 vel
618 2623 662 2689 ib.
689 2630 706 2688 7
730 2635 893 2712 στρατηγεῖ,
916 2635 1049 2713 χορηγεῖ,
1073 2624 1260 2707 ἀγωνοθετεῖ.

327 2731 463 2815 denique
494 2731 534 2797 de
556 2733 813 2815 prosopopoeiae
845 2737 877 2796 et
900 2732 1140 2796 similitudinum
1167 2737 1199 2796 et
1222 2736 1325 2796 trans-

260 2837 415 2901 lationum
436 2860 497 2902 usu
513 2835 632 2924 Cynico
657 2859 730 2903 curn
753 2844 864 2921 ageret
886 2860 988 2920 nuper
1009 2838 1060 2924 (ut
1083 2839 1162 2903 alios
1185 2843 1326 2923 praeter·

261 2944 398 3029 mittam)
421 2945 578 3010 Ernestus
596 2945 719 3011 Weber
733 2945 754 3009 l.
772 2966 812 3027 υ.,
836 2944 940 3011 facere
955 2946 1008 3010 ille
1032 2967 1097 3010 non
1118 2946 1226 3029 potuit
1249 2946 1325 3028 quin

261 3051 357 3115 etiam
373 3050 493 3116 Teletis
516 3074 608 3118 usum
625 3052 865 3136 'auctorumque
885 3051 925 3116 ab
950 3073 988 3117 eo
1004 3051 1218 3118 adhibitorum
1241 3053 1326 3135 copi·

262 3157 348 3222 osius
363 3157 549 3239 illustraret,
570 3163 607 3222 ut
622 3157 702 3224 haec
719 3158 823 3224 denuo
839 3159 1008 3224 retractari
1023 3158 1119 3223 hodie
1134 3158 1185 3223 vix
1208 3179 1327 3241 operae

260 3266 399 3348 pretium
422 3286 492 3331 esse
514 3265 670 3333 videatur.
695 3266 735 3330 de
764 3267 1008 3349 prosopopoeiis
1038 3269 1146 3330 autern
1172 3266 1328 3349 inspicere

260 3370 380 3436 iuvabit
407 3373 504 3438 etiam
534 3393 572 3437 ea
603 3393 684 3455 quae
709 3372 836 3456 collegit
858 3373 1030 3437 Eduardus
1055 3372 1206 3454 Norden,
1238 3372 1326 3436 cuius

262 3479 389 3562 egregia
412 3478 451 3545 de
475 3477 630 3547 Varronis
654 3480 771 3544 saturis
793 3479 975 3563 Menippeis
1003 3479 1186 3545 dissertatio
1210 3478 1327 3561 legitur

262 3585 421 3650 annalium
450 3584 718 3668 philologioorum
748 3586 970 3670 supplemento
994 3591 1109 3651 octavo
1134 3585 1257 3651 decimo
1281 3586 1327 3650 in·

263 3695 358 3755 serta.
