3398 5230
783 559 1004 625 ...52-

358 757 563 846 Antiphanes
578 759 639 825 hac
654 780 732 825 voce
745 762 855 824 utatur
870 756 1012 824 notabile
1026 777 1095 822 esse
1111 758 1221 820 monet
1237 775 1288 818 me
1298 751 1425 834 Hense3

358 891 432 935 nam
448 869 521 952 Bio,
546 868 635 932 cuius
651 865 785 948 vestigia
806 866 840 930 in
862 863 1014 948 proximis
1038 864 1083 948 (p.
1104 866 1155 945 19,
1170 866 1188 926 2
1206 862 1291 947 sqq.)
1314 863 1426 943 aperta

359 981 444 1059 sunt,
456 977 490 1040 in
502 974 620 1041 deliciis
632 973 730 1040 habet
740 971 971 1054 Antiphanem.
988 970 1095 1035 malim
1107 969 1206 1052 igitur
1218 988 1292 1033 cum
1300 967 1425 1032 Hensio

359 1083 468 1168 potius
498 1082 531 1146 in
561 1080 659 1147 dubio
690 1079 870 1162 relinquere
899 1099 963 1162 quo
995 1082 1127 1143 auctore
1157 1096 1234 1140 usus
1264 1075 1306 1140 sit
1332 1072 1426 1139 Teles

358 1212 391 1275 p.
404 1193 453 1273 18,
468 1192 508 1254 14
517 1210 562 1272 sq.
566 1237 575 1271 ,
593 1209 688 1270 quam
701 1184 839 1270 Stilponi
850 1185 1010 1251 vindicare
1022 1184 1084 1251 hoc
1096 1182 1428 1267 παρακεκινδυνευμένον

360 1318 434 1362 ουιυ
449 1293 620 1361 Gieseckio
636 1292 686 1361 ‘de
697 1293 811 1378 philos,
823 1297 886 1358 vet.
903 1313 985 1376 quae
998 1291 1039 1357 ad
1053 1291 1179 1357 exilium
1195 1294 1343 1374 spectant
1359 1309 1428 1354 sen-

359 1400 479 1469 tentiis’
493 1401 597 1488 (Lips.
614 1423 643 1467 a.
663 1402 761 1485 1891)
784 1422 815 1484 p.
834 1404 864 1465 9.
897 1404 1038 1465 ceterum
1061 1398 1147 1464 vocis
1171 1396 1337 1462 audaciam
1358 1396 1428 1479 ipse

360 1509 460 1575 sensit
475 1508 625 1591 scriptor,
649 1528 746 1591 quam
761 1511 797 1572 ut
813 1511 981 1572 excusaret
997 1505 1121 1573 addidit
1136 1504 1304 1571 formulam
1325 1501 1357 1568 εἰ
1373 1505 1430 1568 δεῖ

362 1613 507 1680 εἰπεῖν
537 1611 683 1687 οὕτως.
725 1612 785 1678 hac
816 1613 911 1678 etiam
938 1611 1136 1698 Chrysippus
1166 1632 1242 1676 usus
1273 1617 1322 1676 est
1345 1616 1428 1675 teste

363 1721 538 1788 Plutarcho
570 1720 609 1787 de
632 1742 765 1806 repugn.
791 1717 890 1785 Stoic.
914 1741 945 1803 p.
974 1723 1058 1784 1038
1082 1718 1115 1782 Ι)
1138 1722 1189 1782 καὶ
1217 1723 1292 1805 μέγα
1316 1728 1428 1807 φρονεῖν

363 1833 414 1894 καὶ
448 1827 473 1893 εἰ
508 1830 552 1893 δεῖ
584 1826 677 1901 οὕτως
714 1825 801 1893 εἰπεῖν
838 1825 979 1914 δψαυχεῖν
1014 1824 1075 1890 att.
1111 1831 1145 1891 et
1181 1826 1264 1891 hanc
1301 1825 1428 1909 quidem

363 1937 466 2020 magis
498 1936 649 2002 usitatam
681 1955 750 2001 esse
781 1933 951 2000 verborum
983 1933 1227 2000 collocationem
1263 1931 1430 1998 confirmat

363 2043 563 2127 Porphyrius
586 2043 625 2107 de
648 2041 730 2108 abst.
754 2040 805 2110 IV
823 2045 864 2106 20
880 2063 913 2124 p.
931 2044 994 2105 265
1012 2061 1060 2124 sq.
1075 2039 1149 2106 N.²:
1173 2049 1220 2105 νῦν
1244 2036 1306 2104 δ’ἐν
1328 2041 1429 2126 θνητῷ

367 2148 446 2220 ὄντες
468 2149 509 2213 ἔτι
531 2152 737 2237 δνητοτέρους,
761 2144 786 2211 εἰ
808 2151 869 2234 χρὴ
893 2143 987 2219 οὕτως
1010 2143 1107 2223 εἰπεῖν,
1131 2145 1291 2232 ἀγνοοῦμεν
1307 2143 1430 2217 ἑαυτοὺς

364 2265 523 2328 ποιοῦντες.
547 2255 680 2322 similem
695 2253 865 2321 formulam
878 2251 913 2318 ἵν’
925 2250 1018 2327 οὕτως
1033 2253 1104 2318 εἴπω
1120 2252 1218 2318 habet
1234 2250 1430 2338 Chrysippus

365 2362 534 2429 Plutarchi
558 2362 597 2428 de
620 2383 753 2446 repugn.
775 2359 876 2428 Stoic.
897 2383 929 2444 p.
955 2357 1038 2427 1060
1062 2360 1091 2425 F
1116 2359 1246 2446 (contra
1268 2358 1368 2428 Stoic.
1390 2360 1431 2424 de

367 2491 482 2536 comm.
499 2474 567 2534 not.
584 2490 615 2552 p.
635 2471 719 2534 1065
743 2468 798 2553 Β).

432 2573 595 2658 εδλογιοτ1οι
620 2579 707 2657 14,9
731 2572 922 2657 εὐλογιστίας,
946 2572 1159 2660 ὀρθοπραγίας,
1183 2570 1351 2659 εὐπραγίας.
1383 2594 1432 2639 re·

366 2684 465 2749 currit
491 2705 554 2749 vox
580 2681 667 2766 apud
696 2680 823 2748 Stoicos
853 2680 945 2750 Stob.
968 2682 1025 2749 ecl.
1046 2683 1084 2746 H
1108 2686 1137 2765 7,
1162 2681 1220 2744 5¹³²
1243 2703 1275 2764 p.
1301 2685 1353 2762 60,
1381 2683 1432 2746 19.

366 2793 458 2872 61,1
484 2788 649 2857 Wachsm.
674 2789 777 2854 Marc.
801 2787 925 2855 Anton.
949 2788 1001 2858 IV
1022 2793 1075 2872 26,
1099 2787 1185 2872 apud
1212 2786 1431 2870 Plutarchum,

366 2898 465 2963 etiam
488 2897 521 2962 in
544 2896 760 2962 Ps-Platonis
784 2894 904 2965 definit.
919 2917 952 2979 p.
968 2899 1033 2960 412
1056 2895 1097 2960 Ε.

432 3010 588 3093 scampah<
618 3005 684 3089 (38,
710 3005 750 3068 15
779 3006 828 3069 τδν
857 3004 1024 3090 νοορητήν)
1054 3003 1259 3086 magistratus
1290 3022 1356 3067 non
1384 3021 1432 3066 re-

363 3112 488 3197 peritur
520 3115 594 3177 ante
627 3109 722 3175 finem
754 3109 873 3174 saeculi
904 3110 1025 3193 quarti,
1061 3109 1100 3174 cf.
1127 3108 1358 3192 Dittenberger
1392 3107 1432 3174 de

365 3218 495 3302 ephebis
525 3223 585 3284 att.
607 3239 640 3300 p.
665 3220 704 3280 31
731 3213 774 3281 G.
799 3213 927 3282 Gilbert
956 3220 1074 3283 haudo.
1097 3216 1116 3282 I
1138 3221 1268 3301 ρ.’208.
1303 3220 1433 3300 praeter

364 3325 449 3390 hunc
472 3324 580 3391 locum
602 3323 824 3408 geminumque
843 3322 985 3389 Aniochi
1007 3346 1038 3408 p.
1057 3327 1120 3389 366
1143 3324 1173 3389 Ε
1197 3321 1311 3388 ἐπειδὰν
1335 3322 1368 3386 δὲ
1389 3319 1432 3395 εἰς

363 3434 432 3505 τοὺς
455 3429 584 3520 ἐφήβους
606 3427 754 3519 ἐγγραφῇ,
784 3434 940 3518 κοσμητὴς
969 3433 1020 3494 καὶ
1047 3433 1140 3519 φόβος
1165 3440 1271 3517 χειρῶν
1294 3451 1359 3495 nou
1383 3434 1432 3495 est

365 3538 521 3602 traditum
544 3537 604 3602 nisi
626 3537 659 3601 in
682 3535 944 3620 inscriptionibus
969 3538 1076 3621 eisque
1103 3536 1347 3619 recentioribus,
1377 3535 1432 3601 ubi

365 3643 393 3710 οἱ
415 3644 521 3734 ἔφηβοι
544 3648 592 3710 τὸν
616 3641 726 3709 ἑαυτῶν
749 3651 903 3732 κοσμητὴν
930 3644 979 3710 vel
1006 3656 1046 3730 τῷ
1073 3655 1211 3732 κοομητῇ
1236 3655 1290 3709 τῶν
1314 3641 1431 3732 ἐφήβων

366 3753 438 3835 plus
462 3752 560 3818 semel
582 3752 699 3836 legitur
723 3751 778 3839 (cf.
795 3751 874 3818 OIA
898 3752 974 3818 111²
995 3775 1027 3837 p.
1046 3752 1135 3839 316).

432 3869 594 3945 μαγειρεῐον
619 3859 705 3942 quod
728 3864 835 3925 exstat
858 3864 889 3943 8,
913 3863 953 3923 16
984 3857 1026 3932 εἰς
1048 3862 1081 3924 τδ
1105 3869 1269 3946 μαγειρεῐον
1294 3881 1359 3925 non
1382 3880 1431 3924 re·

363 3965 463 4049 periri
478 3971 554 4031 ante
568 3965 779 4032 Aristotelem
796 3971 931 4052 apparet
946 3988 985 4032 ex
1001 3968 1046 4032 eis
1062 3988 1144 4051 quae
1156 3966 1287 4051 collegit
1298 3965 1432 4032 Lobeck

364 4073 406 4139 ad
418 4072 538 4158 Phryn.
555 4095 585 4156 p.
600 4077 675 4138 276.
701 4078 843 4139 ceterum
859 4073 1005 4140 conferas
1016 4071 1217 4139 Rutherford
1231 4073 1252 4137 l.
1266 4094 1293 4138 c.
1310 4095 1341 4158 p.
1356 4075 1430 4141 341.

431 4185 581 4267 percomta
604 4180 673 4267 (41,
697 4184 735 4244 13
760 4179 910 4267 ἀναχώρει
933 4178 974 4254 εἰς
997 4183 1172 4268 μονοσιτίαν)
1197 4181 1278 4246 sicut
1300 4181 1432 4246 verbum

285 4365 287 4368 .
364 4297 521 4373 ρονοοιτεῐν
550 4287 651 4370 magis
685 4307 754 4352 esse
786 4287 982 4353 medicorum
1015 4287 1169 4374 (citantur
1198 4287 1430 4372 Hippocrates,
