3398 5230
803 518 1021 578 „44-

447 705 467 793 ἤ
491 707 681 790 particulam
703 728 769 774 non
790 730 963 792 numquam
987 731 1053 775 non
1077 709 1144 774 sine
1159 709 1275 793 insigni
1291 709 1448 777 brevitate

380 813 458 897 poni
485 835 583 896 supra
610 815 717 880 monui
737 837 768 899 p.
792 819 844 880 15.
868 813 943 901 ἤπερ
968 821 1044 900 post
1071 816 1323 900 comparativum
1351 818 1449 883 semel

381 926 487 987 exstat
511 925 623 1004 26,10
646 924 755 987 θᾶττον
773 971 780 986 .
797 971 828 986 ..
851 921 927 1009 ἥπερ
950 925 998 987 τὸν
1022 928 1137 1007 τρόπον,
1163 923 1252 1007 quod
1275 924 1449 990 admodum

380 1051 489 1094 rarum
520 1035 568 1094 est
591 1029 676 1114 apud
700 1030 873 1114 scriptores
897 1029 1040 1097 Atticos.
1077 1030 1179 1096 Thuo.
1196 1031 1247 1100 VI
1269 1036 1323 1115 40,
1347 1036 1363 1096 1
1397 1054 1448 1098 su-

380 1136 538 1219 spectavit
552 1135 714 1220 Krueger.
749 1137 867 1221 legitur
882 1138 968 1221 apud
984 1137 1196 1205 Aristotelem
1212 1145 1275 1204 cat.
1292 1139 1321 1208 V
1341 1145 1378 1204 2¹³
1397 1145 1448 1224 10,

382 1243 592 1327 complmiens
608 1245 694 1328 apud
709 1244 878 1331 Polybium
893 1245 998 1311 hiatus
1014 1246 1163 1311 nimirum
1179 1247 1319 1312 evitandi
1334 1247 1448 1331 gratia,

380 1350 452 1415 vide
467 1349 611 1417 Kaelker
633 1351 655 1415 1.
672 1373 700 1420 c.
715 1375 748 1437 p.
767 1357 829 1418 247
847 1373 895 1436 sq.
918 1352 1028 1418 Krebs
1052 1353 1073 1418 l.
1090 1374 1117 1418 c.
1133 1375 1165 1437 p.
1185 1356 1237 1419 25.
1262 1353 1300 1420 cl.
1319 1353 1448 1419 Kuehn.

381 1458 418 1522 ΙΙ
443 1462 462 1521 2
486 1480 519 1541 p.
536 1462 600 1524 841
625 1458 698 1527 adn.
722 1462 750 1524 1.
784 1459 862 1525 nihil
884 1458 950 1526 lere
974 1460 1060 1542 apud
1084 1460 1229 1527 Teletem
1251 1460 1448 1544 frequentius

381 1586 478 1649 quam
505 1564 525 1652 ἥ
552 1565 710 1650 particula
736 1566 768 1632 in
798 1567 1052 1651 interrogatione
1081 1569 1190 1651 posita
1211 1567 1261 1634 vel
1289 1565 1367 1655 ἢού
1383 1617 1391 1632 .
1407 1617 1415 1632 .
1431 1617 1448 1646 .,

381 1669 597 1758 ἢπάλιν...,
626 1672 763 1739 formula
786 1671 806 1760 ἢ
829 1671 887 1760 oin(
910 1671 996 1761 ὁρᾷς,
1020 1674 1091 1740 vide
1113 1675 1179 1740 ind.
1196 1696 1265 1741 voc.
1283 1697 1307 1742 s.
1324 1673 1355 1761 ἤ.
1394 1679 1449 1738 πό-

381 1801 462 1864 τερον
486 1779 565 1862 (non
581 1779 855 1867 πότερα)...ἤ1,
870 1784 899 1849 5.
924 1786 952 1845 7.
976 1785 1094 1864 18,11.
1130 1780 1257 1847 adhoc
1280 1783 1448 1846 θᾶττον...

381 1885 458 1973 ἤπερ
481 1887 531 1953 vel
554 1888 650 1953 etiam
673 1887 716 1953 ad
738 1889 853 1975 μᾶλλον
870 1937 878 1952 .
895 1886 968 1974 ..ἤ
997 1910 1099 1973 prope
1127 1889 1253 1954 accedit
1275 1888 1353 1954 illud
1376 1893 1449 1973 πρό-

382 2016 538 2078 τερον...
569 1994 589 2082 ἥ
619 1995 742 2061 duobus
771 1995 876 2061 verbis
907 1996 1099 2061 disiunctum
1128 1993 1239 2067 ἐκεῖνός
1269 2018 1298 2059 τε
1328 1999 1383 2081 γὰρ
1415 1993 1449 2060 ἂν

381 2107 520 2186 πρότερον
543 2106 630 2169 πίνων
655 2103 824 2191 διαρραγείη
847 2101 867 2190 ἢ
890 2104 1033 2167 mahomes
1055 2112 1106 2168 τοῦ
1122 2103 1224 2189 δίψους
1241 2107 1293 2186 29,
1306 2106 1338 2166 4.
1362 2104 1449 2169 iuvat

383 2231 569 2294 comparare
600 2209 829 2295 Xenophontis
866 2232 992 2294 apomn.
1030 2210 1068 2275 H
1098 2215 1127 2293 7,
1154 2214 1173 2274 2
1209 2210 1258 2276 vel
1292 2210 1387 2276 anab.
1415 2211 1451 2276 Π

386 2321 474 2400 1,10
495 2319 639 2402 aliosque
659 2319 752 2384 huius
772 2319 897 2402 generis
916 2318 1004 2384 locos
1025 2339 1205 2403 perpaucos
1222 2340 1303 2403 quos
1319 2319 1450 2403 collegit

384 2424 493 2490 Stnrm
513 2429 702 2508 pcrclre‘clrll.
726 2430 889 2492 entwiclrl.
911 2430 942 2491 d.
964 2436 1087 2492 constr.
1110 2433 1173 2492 mit
1190 2430 1253 2512 πρίν
1268 2448 1301 2509 p.
1321 2430 1382 2492 107
1400 2447 1448 2510 sq.

382 2555 497 2599 moneo
525 2532 586 2598 hac
615 2533 692 2598 data
720 2534 887 2599 occasione
910 2555 971 2616 pro
994 2532 1172 2616 particulae
1196 2538 1260 2618 πρίν
1283 2539 1449 2599 construc-

382 2641 468 2706 tione
497 2660 593 2724 qnam
620 2645 786 2723 exspectes
814 2639 878 2724 legi
905 2646 962 2725 πρό
991 2661 1062 2705 cum
1090 2638 1246 2706 infinitivo
1277 2639 1330 2727 (cf.
1352 2641 1450 2706 etiam

381 2770 413 2831 p.
432 2749 487 2834 36)
510 2749 711 2813 coniunctum
734 2751 788 2831 45,
808 2752 847 2812 12
878 2749 1020 2813 δέον...
1044 2750 1099 2836 πρὸ
1126 2756 1177 2812 τοῦ
1204 2749 1375 2835 τελευτῆσαι
1402 2751 1449 2814 τὸν

383 2856 466 2944 φίλον
490 2852 663 2921 ὀδυνᾶσθαι.
687 2856 864 2940 praeiverat
885 2856 948 2921 iam
964 2854 1127 2939 Xenopho
1143 2875 1270 2939 apomn.
1286 2854 1324 2920 ΙΙ
1349 2859 1378 2939 1,
1397 2860 1448 2923 30.

384 2969 413 3042 6,
437 2968 466 3028 6.
488 2962 541 3032 IV
563 2966 596 3046 4,
613 2968 644 3047 8,
666 2963 803 3029 sednon
823 2963 883 3028 nisi
897 2963 930 3027 in
945 2963 1023 3045 ipsis
1040 2963 1276 3029 commentariis
1290 2968 1327 3028 ut
1343 2962 1450 3029 obser·

382 3071 466 3136 vavit
483 3068 592 3136 Sturm
608 3069 629 3137 l.
646 3091 673 3135 c.
689 3092 722 3153 p.
742 3073 815 3134 106.
831 3068 916 3136 idem
931 3090 991 3135 nos
1005 3069 1099 3136 docet
1110 3070 1194 3135 inter
1207 3075 1354 3136 oratores
1366 3068 1449 3135 hanc

383 3184 578 3245 structuram
590 3177 743 3244 adhibere
756 3200 827 3243 cum
839 3177 1023 3265 Lycurgum
1035 3184 1103 3243 tum
1115 3177 1368 3244 Demosthenem
1380 3199 1449 3245 eos·

383 3309 445 3370 que
468 3286 556 3353 solos
578 3287 622 3372 (p.
650 3290 710 3350 125
735 3286 809 3372 sq.).

446 3391 494 3459 ἵνα
518 3394 772 3460 coniunctionem
796 3416 894 3478 supra
916 3394 1009 3477 tetigi
1032 3415 1064 3476 p.
1085 3398 1136 3458 11.

450 3522 489 3566 ex
515 3505 566 3564 ναί
591 3500 768 3584 particulae
796 3500 949 3583 exemphs
976 3498 1080 3565 indice
1103 3519 1171 3564 voc.
1194 3496 1341 3564 exhibitis
1370 3498 1448 3565 uolo

381 3607 433 3674 hic
460 3608 577 3673 iterare
606 3608 743 3674 tritiora.
780 3608 1003 3674 concinnitatis
1032 3628 1130 3673 causa
1156 3606 1299 3673 membro
1333 3610 1448 3689 16,13

382 3719 499 3783 πολλῶν
531 3720 583 3782 ναὶ
614 3715 749 3806 ἡβώντων
781 3716 918 3803 (Krneg.
945 3721 997 3800 69,
1025 3719 1078 3799 32,
1103 3717 1136 3803 3)
1169 3737 1244 3781 mox
1277 3716 1450 3799 opponitur

382 3825 494 3892 eadem
517 3825 642 3892 ratione
665 3821 770 3907 ὀλίγων
785 3827 836 3888 καὶ
851 3823 967 3911 ἀνήβων
993 3827 1111 3907 16,14.
1135 3828 1212 3906 post
1234 3822 1331 3889 verba
1352 3823 1449 3888 inter·

381 3932 537 3999 locutoris
568 3933 687 4016 legitur
715 3935 766 3995 καί
795 3934 947 4016 p.9,10
975 3930 1030 3996 ubi
1057 3928 1128 3995 vide
1159 3930 1233 3996 adn.
1256 3930 1318 3994 vim
1346 3951 1449 4013 paene

382 4040 598 4106 adversativae
621 4038 798 4124 particulae
822 4044 940 4122 aequat
963 4039 995 4103 in
1018 4037 1068 4103 his
1085 4036 1260 4122 Λυσάνδρου
1284 4045 1333 4100 τοῦ
1350 4034 1450 4120 Σπαρ-

381 4151 479 4210 τιάτου
502 4150 544 4218 τίς
567 4145 747 4233 ἐντιμότερος
773 4151 888 4228 γέγονεν
915 4143 935 4232 ἢ
963 4157 1051 4231 τιμῶν
1079 4146 1217 4209 πλειόνων
1240 4142 1376 4230 ἠξιώθης
1399 4146 1450 4206 καὶ

383 4252 467 4328 οὗτος
489 4259 542 4327 τὰς
564 4259 731 4341 θυγατέρας
755 4253 809 4318 οὐκ
832 4252 950 4319 ὲδὺνατο
975 4251 1119 4318 ἐκδόσθαι
1141 4261 1249 4337 προῖκα
1274 4252 1350 4324 hooc.
1378 4251 1450 4317 vide
