3398 5230
688 565 906 630 ⁶63...

265 757 390 822 toribus
414 779 479 824 non
503 758 607 824 aliena
630 764 718 840 sunt,
743 765 851 826 tamen
875 781 988 826 novam
1011 760 1138 826 interim
1161 761 1332 827 induerunt

266 867 432 931 notionem
462 865 587 950 aliaque
619 873 716 951 atque
750 868 836 950 apud
867 867 939 933 illos
971 869 1096 934 ratione
1128 869 1330 934 adhibentur.

265 972 358 1037 huius
383 973 507 1056 generis
531 973 722 1060 11111ἄβιος,
746 973 846 1051 ἄδεια,
875 974 1060 1065 ἀναστροφή,
1088 973 1224 1064 ἐπιβολὴ,
1252 981 1332 1062 περί-

265 1102 375 1158 στασις,
398 1077 534 1166 ῥυπαρία,
558 1085 746 1168 στενοχωρία.
783 1081 919 1164 denique
942 1103 1036 1149 nemo
1061 1081 1265 1149 obliviscetur
1280 1083 1332 1166 agi

266 1187 306 1252 de
335 1209 452 1272 genere
483 1187 613 1272 Oynico.
658 1187 777 1274 Oynico
808 1194 916 1255 autem
946 1190 1056 1272 generi
1085 1195 1207 1273 quanta
1236 1190 1332 1256 fuerit

265 1295 463 1361 familiaritas
491 1300 616 1360 etcum
641 1317 786 1362 sermone
810 1296 972 1363 cotidiano
1001 1302 1033 1361 et
1057 1303 1329 1380 compactarum,

264 1403 402 1469 Homeri
425 1404 625 1487 potissimum
643 1403 808 1487 Euripidis
832 1404 1092 1487 comicorumquc
1114 1404 1253 1471 lectione
1276 1426 1330 1470 no·

265 1517 333 1576 tum
361 1516 419 1575 est.
459 1510 541 1576 adde
570 1530 652 1594 quae
676 1508 868 1595 Cynicorum
897 1516 986 1576 secta
1009 1516 1065 1576 aut
1088 1513 1158 1595 ipsa
1181 1512 1332 1596 procudit

264 1617 419 1683 vocabula
442 1623 498 1682 aut
522 1622 610 1682 certe
638 1617 671 1682 in
699 1617 818 1682 deliciis
846 1617 959 1683 habuit
984 1613 1172 1704 (αὐτάρκεια,
1195 1618 1331 1684 fortasse

266 1725 362 1790 etiam
385 1722 600 1807 αι’)τοδιακονία,
625 1723 741 1812 ἀτυφία,
765 1726 882 1810 θέρμοι,
905 1731 996 1812 πήρα,
1020 1729 1131 1811 τρίβων,
1156 1724 1243 1812 alia),
1268 1727 1331 1791 iam

266 1836 410 1898 tenemus
419 1832 481 1898 tria
489 1832 580 1915 quasi
592 1831 749 1897 elementa
759 1853 798 1897 ex
808 1832 922 1915 quibus
933 1832 1331 1916 sermoTeleteuscompo·

267 1939 346 2004 situs
363 1943 422 2008 est.
456 1961 494 2005 ex
505 1940 589 2005 vitae
605 1939 702 2022 igitur
718 1939 899 2005 cotidianae
916 1939 1146 2006 consuetudine
1161 1945 1331 2006 manarunt

266 2047 439 2112 nonsolum
448 2046 560 2113 crebra
572 2067 655 2130 quae
668 2047 919 2112 enumeravimus
932 2046 1061 2113 nomina
1069 2047 1262 2113 deminutiva
1274 2046 1331 2112 sed

266 2155 362 2220 etiam
384 2154 576 2238 palaestrica
598 2154 653 2220 illa
675 2154 761 2219 velut
783 2154 883 2235 γλοιός
907 2155 1059 2242 (30,15),
1089 2155 1331 2243 διατραχηλίζεσ-

265 2263 329 2338 θαι,
357 2273 545 2350 προσστῆναι.
583 2261 646 2327 alia
673 2261 713 2326 ad
742 2267 845 2327 artem
871 2262 1028 2327 medicam
1055 2263 1218 2345 pertinent
1246 2262 1331 2327 velut

265 2373 428 2455 μονοσιτὶα,
455 2366 568 2456 ὕδρωψ,
598 2365 772 2454 ὑδρωπικός.
806 2390 866 2434 111
892 2369 995 2434 minus
1022 2374 1137 2453 aperta
1164 2374 1213 2435 111
1241 2370 1330 2454 origo

265 2477 426 2541 nominum
450 2479 544 2563 μᾶζα,
568 2477 714 2552 πλακοῦς,
743 2473 812 2561 ῥόα,
842 2482 936 2564 φυστή
959 2475 1008 2541 111
1030 2475 1202 2543 verborum
1224 2498 1331 2560 στραγ-

264 2585 397 2669 γεὺοραι,
417 2572 558 2668 repetito.
588 2582 732 2666 vulgaria
748 2587 822 2647 sunt
842 2587 875 2647 et
896 2582 1053 2649 demedio
1066 2588 1203 2667 sumpta,
1221 2605 1330 2666 quam-

266 2709 361 2772 quam
376 2711 442 2754 non
457 2688 575 2772 ubique
595 2694 683 2754 certo
709 2685 832 2754 definiri
854 2693 963 2772 potest
986 2695 1095 2755 utrum
1122 2711 1161 2756 cx
1184 2710 1330 2756 sermone

264 2795 388 2879 vulgari
411 2795 541 2880 aliquod
565 2795 734 2861 adsciverit
757 2795 947 2861 vocabulum
964 2796 1058 2862 'Peles
1074 2796 1123 2862 vel
1138 2797 1232 2862 huius
1256 2818 1329 2862 auc·

264 2908 351 2968 tores
375 2925 416 2968 an
448 2926 487 2970 ex
517 2902 682 2969 comoedia
709 2924 792 2986 quae
813 2903 899 2978 illam
931 2904 1002 2986 ipsa
1028 2924 1157 2986 quoque
1185 2904 1330 2970 admitte-

264 3009 321 3075 bat
336 3010 503 3076 verborum
520 3010 761 3094 supellectilem.
793 3015 879 3076 certe
892 3010 1039 3075 vocabuli
1054 3009 1211 3096 ὀξυρεγρία
1227 3016 1329 3077 trans·

265 3115 419 3183 lationem
441 3118 575 3202 praeivit
599 3115 848 3200 Aristophanes,
870 3116 957 3184 haud
980 3138 1085 3200 pauca
1103 3118 1216 3200 procul
1233 3118 1329 3184 dubio

265 3225 513 3308 suppeditarunt
543 3223 801 3309 Antiphanes*),
839 3224 1002 3308 Philemo,
1033 3224 1230 3308 Menander,
1265 3226 1329 3291 alii.

265 3338 359 3397 aucta
381 3353 455 3398 vero
481 3338 530 3398 est
554 3332 709 3397 orationis
736 3330 947 3414 inaequalitas
975 3352 1030 3414 1ο,
1054 3332 1142 3415 quod
1169 3332 1264 3398 etiam
1291 3353 1330 3396 ex

263 3438 511 3505 Homericorum
537 3439 713 3503 carminum
736 3437 872 3503 lectione
896 3442 928 3503 et
945 3438 1109 3522 Euripidis
1133 3439 1329 3522 aliorumque

263 3547 296 3612 hi
328 3567 491 3614 sermones
522 3547 743 3612 admiscebant
773 3547 850 3612 satis
884 3546 986 3612 multa
1024 3547 1087 3612 sive
1118 3546 1159 3612 ad
1197 3547 1330 3612 verbum

263 3653 364 3719 relata
387 3656 452 3721 sive
477 3654 605 3720 detorta
628 3654 676 3720 111
698 3655 813 3720 leniter
836 3654 1002 3720 inmutata.
1046 3654 1103 3720 sed
1126 3655 1218 3718 huius
1241 3655 1329 3719 modi

263 3759 353 3826 locos
377 3782 449 3825 cum
472 3761 640 3844 diligenter
662 3760 820 3826 indicatos
843 3762 987 3844 reperias
1002 3761 1034 3826 in
1059 3760 1206 3843 editione,
1231 3762 1329 3826 nolim

264 3867 369 3933 denuo
394 3868 559 3934 denotare.
599 3873 634 3932 11
661 3873 769 3934 tamen
791 3889 856 3934 uno
880 3869 992 3934 saltem
1016 3869 1158 3935 alterove
1182 3869 1328 3952 exemplo

262 3973 407 4057 patefiat,
432 3975 594 4058 quomodo
614 3996 674 4040 nec
689 3975 873 4040 Homericis
888 3974 1049 4041 vocabulis
1066 3975 1171 4041 aditus
1186 3976 1329 4041 reclusus

334 4119 360 4186 ⁸)
384 4117 428 4171 ‘In
447 4118 617 4188 singulorum
634 4119 831 4172 vocabulorum
850 4137 899 4172 usu
922 4119 1060 4187 permulta
1085 4119 1275 4187 deprehendas
1294 4120 1328 4173 ab

263 4207 448 4276 antiquiorum
473 4207 640 4276 scriptorum
662 4208 797 4263 munditie
821 4211 850 4262 11
872 4208 1000 4263 castitate
1023 4206 1122 4262 aliena’
1146 4207 1275 4264 Meineke
1294 4209 1328 4263 de

264 4296 462 4365 Antiphane
480 4296 544 4350 hist.
564 4314 649 4366 cnp.
668 4299 729 4351 309.
