3398 5230
780 557 912 636 „m
959 601 1001 617 ,r

357 765 467 849 sippea
498 787 530 849 p.
556 769 619 830 716
644 771 677 832 et
707 768 771 831 718
795 765 899 832 annal.
923 765 1075 851 philolog.
1100 765 1313 850 supplementi
1335 765 1423 836 XIV

356 895 385 938 a.
405 877 513 957 1885),
537 873 717 958 Polybium,
740 873 961 955 Plutarchum,
985 872 1182 956 Epictetum.

424 978 630 1053 ἐξαποστέλλω
661 982 728 1069 (16,
748 987 774 1046 7.
797 978 844 1045 ἐπὶ
873 983 980 1047 στόλοο
1010 982 1184 1069 τηλικοίτοο
1214 978 1422 1069 ἐξαπεστάλη).

356 1087 511 1174 Polybius
534 1088 678 1171 inprimis
701 1087 833 1154 adhibet
860 1088 923 1155 hoo
945 1088 1091 1172 verbum,
1120 1088 1208 1173 quod
1235 1087 1310 1153 libri
1336 1089 1424 1154 tertii

355 1195 488 1277 triginta
515 1193 581 1260 fere
609 1194 689 1262 locis
717 1194 849 1279 legitur,
880 1194 919 1261 cf.
942 1194 1032 1261 Stich
1059 1195 1080 1260 l.
1102 1216 1129 1260 c.
1150 1218 1182 1280 p.
1207 1199 1269 1260 148
1293 1195 1366 1262 adu.
1390 1197 1422 1277 1;

357 1306 432 1384 post
455 1301 540 1367 hunc
563 1300 662 1370 Diod.
680 1299 754 1383 Sia,
772 1302 860 1368 Plut.
874 1304 907 1389 ¹).

422 1408 683 1495 προσεξαιροῦμαιτ
701 1411 755 1493 46,
769 1415 788 1474 6
804 1413 856 1474 καί
870 1411 938 1482 τοὺς
953 1408 1064 1482 ἄλλους
1085 1411 1142 1494 (ιο.
1160 1407 1297 1495 ὀδόντας)
1317 1430 1425 1494 προσε-

356 1516 503 1589 ξελέσθαι.
542 1515 682 1581 medium
716 1536 815 1599 genus
845 1515 933 1600 quod
960 1520 1011 1582 est
1036 1496 1203 1598 perrarum
1232 1515 1330 1582 hahet
1356 1516 1424 1581 He-

357 1622 492 1689 rodotus
516 1621 573 1688 sed
596 1622 722 1688 diversa
743 1623 877 1689 notione
899 1622 955 1688 111
980 1626 1054 1691 150.

425 1729 533 1796 notius
557 1734 605 1796 est
628 1732 823 1794 συνεκπίπτειν
845 1733 959 1813 47,17
983 1735 1097 1814 utpote
1121 1729 1294 1796 aPlatone
1318 1729 1369 1796 vel
1383 1728 1424 1795 ah

357 1835 537 1903 Aristotele
560 1857 627 1903 non
649 1835 797 1904 alienum.

424 1948 461 2008 ut
489 1943 629 2009 breviter
659 1944 927 2027 comprehendam
955 1965 1037 2028 quae
1068 1941 1108 2009 de
1139 1943 1233 2027 copia
1256 1941 1425 2008 verborum

357 2050 390 2114 iu
414 2049 633 2132 superioribus
659 2050 789 2133 prolata
816 2055 904 2133 sunt,
931 2050 1019 2116 haud
1044 2071 1150 2132 pauca
1176 2050 1209 2115 in
1233 2048 1354 2115 Teletis
1378 2070 1425 2114 re·

357 2155 463 2239 liquiis
487 2162 615 2222 exstant
637 2156 795 2224 vocabula
810 2178 947 2241 quorum
964 2157 1110 2240 exempla
1124 2155 1211 2239 apud
1227 2156 1307 2222 alios
1326 2156 1424 2238 scrip-

358 2268 447 2330 tores
470 2263 599 2330 omnino
623 2286 689 2331 nou
711 2265 915 2349 reperiuntur
937 2263 1024 2328 velut
1047 2261 1230 2340 ἀσπαντστία,
1254 2261 1425 2338 ἀκοίττοτος,

358 2369 544 2457 ἀτράχηλος,
569 2371 787 2456 δεοτερολόγος,
811 2372 1014 2456 πρωτολόγος,
1043 2369 1193 2452 diremtio,
1220 2373 1426 2458 superappari-

359 2481 454 2564 ζομαι,
469 2482 690 2561 προσεκκόπτω,
706 2481 985 2567 προσκαταφδτίρω,
1001 2483 1057 2543 aut
1074 2478 1277 2561 reperiuntur
1291 2498 1424 2560 perraro

358 2583 444 2651 velut
471 2585 611 2672 λαχάνια.
650 2585 750 2651 multo
777 2586 879 2652 maior
907 2584 1016 2651 classis
1044 2606 1154 2651 eorum
1183 2590 1247 2668 est,
1275 2605 1357 2668 quse
1385 2583 1425 2649 ab

359 2689 547 2758 Atticorum
574 2691 715 2759 melioris
743 2691 858 2758 aetatis
887 2693 1078 2776 scriptorum
1107 2713 1168 2757 usu
1190 2692 1346 2757 recedunt
1368 2711 1426 2756 uec

360 2804 546 2882 comparent
573 2799 633 2864 nisi
659 2800 692 2865 iu
719 2798 930 2882 scriptoribus
957 2799 1027 2866 aevi
1053 2799 1253 2882 posterioris.
1290 2799 1354 2864 huc
1384 2798 1426 2862 vi-

360 2905 477 2971 dentur
503 2905 673 2972 referenda
699 2905 882 2992 ἀβάσκανος,
911 2904 1142 2993 ἀμτμψίμοιρος,
1167 2904 1305 2993 ἀκληρῶ,
1329 2903 1427 2992 ἀκλή-

359 3036 451 3101 ρημα,
473 3010 686 3092 αὐτοδιακονία,
707 3012 853 3103 ἀφόρτως,
875 3014 1070 3090 δυσελπιστία,
1088 3014 1256 3099 δοστροπία,
1273 3010 1426 3088 ἐκπαθῶς,

360 3117 491 3207 ἐπαίτης,
503 3117 640 3197 oblutus,
651 3118 880 3207 εὐοχολώττρος,
891 3117 1056 3206 ἱκανοῦμαι,
1068 3120 1303 3205 κακοδαιμονεῖν,
1316 3140 1428 3183 κακοο-

360 3238 417 3314 χὼ,
437 3228 666 3304 κατακολοοδῶ,
687 3225 884 3312 δρθοπραγία,
904 3238 1057 3311 παροπτῶ,
1072 3225 1181 3315 διὀδης,
1202 3225 1340 3293 fortasse
1355 3226 1427 3294 aha.

362 3335 475 3418 siquis
492 3339 599 3401 autem
616 3333 867 3400 consideraverit
883 3338 1037 3418 quantam
1053 3335 1335 3400 commutationem
1355 3332 1427 3398 sub·

361 3441 434 3506 ierit
449 3462 554 3508 sermo
567 3439 714 3507 Graecus
726 3441 916 3508 Aristotelis
932 3441 1133 3526 potissimum
1149 3460 1247 3525 opera
1263 3445 1295 3506 et
1311 3440 1427 3522 studio,

362 3570 427 3614 non
442 3549 609 3614 mirabitur
624 3550 711 3632 quod
730 3549 816 3615 haud
837 3550 969 3633 exiguus
989 3554 1038 3615 est
1053 3548 1140 3632 apud
1156 3548 1301 3614 Teletem
1317 3569 1428 3614 earum

362 3677 476 3722 vocum
499 3677 649 3721 numerus
673 3677 755 3740 quae
779 3661 854 3722 aute
870 3654 1057 3740 Stagiritam
1079 3655 1200 3721 frustra
1220 3660 1427 3738 quaeruntur.

362 3768 476 3828 notum
485 3770 534 3830 est
542 3769 650 3830 autem
660 3763 1164 3847 etiamTheophrastiauditorem
1174 3762 1426 3829 fuisseBiouem.

362 3870 456 3936 huius
479 3870 566 3936 modi
581 3871 738 3938 vocabula
760 3892 833 3938 cum
856 3893 914 3937 suo
938 3891 1066 3955 quoque
1088 3870 1162 3936 loco
1186 3891 1283 3953 supra
1303 3870 1428 3952 signare

364 3977 554 4060 studuerim,
584 3977 647 4044 hoc
676 3979 748 4044 loco
779 3983 927 4062 repetere
955 3976 1159 4060 supersedeo.
1195 3996 1253 4041 nec
1285 3996 1360 4041 vero
1391 3997 1430 4042 ea

364 4106 428 4151 non
451 4085 614 4152 afferenda
637 4092 712 4152 suut
733 4107 815 4169 quae
839 4085 899 4151 etsi
922 4107 942 4152 a
962 4084 1107 4168 priorum
1130 4089 1310 4168 temporum
1331 4083 1428 4166 scrip-

439 4226 460 4294 ¹)
479 4227 606 4298 Epistula
624 4227 748 4297 Philippi
766 4229 840 4298 apud
858 4225 1001 4283 Demosth.
1021 4227 1055 4281 de
1075 4243 1177 4281 corona
1191 4227 1233 4293 77,
1252 4225 1280 4279 in
1300 4243 1354 4294 qua
1372 4223 1429 4286 ἑξα-

364 4314 499 4369 ποστίλλιο
517 4317 627 4388 legitur,
646 4317 764 4388 genuina
782 4335 838 4373 nou
857 4320 909 4372 est.
