<?xml version="1.0" encoding="UTF-8"?>
<!DOCTYPE html PUBLIC "-//W3C//DTD XHTML 1.0 Transitional//EN"
    "http://www.w3.org/TR/xhtml1/DTD/xhtml1-transitional.dtd">
<html xmlns="http://www.w3.org/1999/xhtml" xml:lang="en" lang="en">
 <head>
  <title>
</title>
<meta http-equiv="Content-Type" content="text/html;charset=utf-8" />
  <meta name='ocr-system' content='tesseract 3.04.00' />
  <meta name='ocr-capabilities' content='ocr_page ocr_carea ocr_par ocr_line ocrx_word'/>
</head>
<body>
  <div class='ocr_page' id='page_1' title='image "./deteletiselocut00mlgoog_0016.png"; bbox 0 0 3388 5236; ppageno 0'>
   <div class='ocr_carea' id='block_1_1' title="bbox 697 573 898 631">
    <p class='ocr_par' dir='ltr' id='par_1_1' title="bbox 697 573 898 631">
     <span class='ocr_line' id='line_1_1' title="bbox 697 573 898 631; baseline -0.005 -14"><span class='ocrx_word' id='word_1_1' title='bbox 697 573 898 631; x_wconf 79' lang='lat'>..9-</span> 
     </span>
    </p>
   </div>
   <div class='ocr_carea' id='block_1_2' title="bbox 257 741 1329 4368">
    <p class='ocr_par' dir='ltr' id='par_1_2' title="bbox 260 741 1326 937">
     <span class='ocr_line' id='line_1_2' title="bbox 260 741 1326 831; baseline -0.001 -20"><span class='ocrx_word' id='word_1_2' title='bbox 260 746 290 811; x_wconf 84' lang='grc' dir='ltr'>εἰ’</span> <span class='ocrx_word' id='word_1_3' title='bbox 308 769 351 817; x_wconf 87' lang='grc' dir='ltr'>τις</span> <span class='ocrx_word' id='word_1_4' title='bbox 435 749 483 809; x_wconf 84' lang='grc' dir='ltr'>τὸν</span> <span class='ocrx_word' id='word_1_5' title='bbox 513 749 565 831; x_wconf 85' lang='grc' dir='ltr'>μὲν</span> <span class='ocrx_word' id='word_1_6' title='bbox 593 741 716 829; x_wconf 73' lang='grc' dir='ltr'>ὕδρωπα</span> <span class='ocrx_word' id='word_1_7' title='bbox 746 748 788 831; x_wconf 80' lang='grc' dir='ltr'>μὴ</span> <span class='ocrx_word' id='word_1_8' title='bbox 818 745 979 828; x_wconf 71' lang='lat' dir='ltr'>deportetur</span> <span class='ocrx_word' id='word_1_9' title='bbox 1006 749 1058 825; x_wconf 86' lang='grc'>29,</span> <span class='ocrx_word' id='word_1_10' title='bbox 1078 748 1107 828; x_wconf 86' lang='grc'>3,</span> <span class='ocrx_word' id='word_1_11' title='bbox 1139 744 1178 809; x_wconf 87' lang='lat' dir='ltr'>cf.</span> <span class='ocrx_word' id='word_1_12' title='bbox 1202 744 1326 828; x_wconf 85' lang='lat' dir='ltr'>Kruog.</span> 
     </span>
     <span class='ocr_line' id='line_1_3' title="bbox 260 856 414 937; baseline -0.006 -19"><span class='ocrx_word' id='word_1_13' title='bbox 260 857 315 937; x_wconf 87' lang='grc'>46,</span> <span class='ocrx_word' id='word_1_14' title='bbox 333 858 365 935; x_wconf 87' lang='grc'>6,</span> <span class='ocrx_word' id='word_1_15' title='bbox 383 856 414 918; x_wconf 94' lang='grc'>5.</span> 
     </span>
    </p>

    <p class='ocr_par' dir='ltr' id='par_1_3' title="bbox 257 957 1329 1370">
     <span class='ocr_line' id='line_1_4' title="bbox 327 957 1329 1043; baseline -0.002 -18"><span class='ocrx_word' id='word_1_16' title='bbox 327 960 545 1026; x_wconf 80' lang='lat' dir='ltr'>accusativum</span> <span class='ocrx_word' id='word_1_17' title='bbox 565 958 748 1024; x_wconf 87' lang='lat' dir='ltr'>adsciscunt</span> <span class='ocrx_word' id='word_1_18' title='bbox 766 957 862 1024; x_wconf 86' lang='lat' dir='ltr'>verba</span> <span class='ocrx_word' id='word_1_19' title='bbox 877 959 1065 1042; x_wconf 87' lang='lat' dir='ltr'>composita,</span> <span class='ocrx_word' id='word_1_20' title='bbox 1084 979 1220 1043; x_wconf 90' lang='lat' dir='ltr'>quorum</span> <span class='ocrx_word' id='word_1_21' title='bbox 1240 959 1329 1043; x_wconf 89' lang='lat' dir='ltr'>prior</span> 
     </span>
     <span class='ocr_line' id='line_1_5' title="bbox 257 1063 1327 1151; baseline -0.002 -19"><span class='ocrx_word' id='word_1_22' title='bbox 257 1089 336 1151; x_wconf 87' lang='lat' dir='ltr'>pars</span> <span class='ocrx_word' id='word_1_23' title='bbox 353 1065 553 1132; x_wconf 84' lang='lat' dir='ltr'>substantivo</span> <span class='ocrx_word' id='word_1_24' title='bbox 569 1065 696 1131; x_wconf 89' lang='lat' dir='ltr'>nomine</span> <span class='ocrx_word' id='word_1_25' title='bbox 720 1070 769 1130; x_wconf 87' lang='lat' dir='ltr'>est</span> <span class='ocrx_word' id='word_1_26' title='bbox 785 1063 985 1132; x_wconf 86' lang='lat' dir='ltr'>conformata</span> <span class='ocrx_word' id='word_1_27' title='bbox 1009 1064 1147 1151; x_wconf 85' lang='lat' dir='ltr'>(Krueg.</span> <span class='ocrx_word' id='word_1_28' title='bbox 1164 1068 1218 1147; x_wconf 84' lang='lat'>46,</span> <span class='ocrx_word' id='word_1_29' title='bbox 1236 1070 1266 1146; x_wconf 90' lang='lat'>6,</span> <span class='ocrx_word' id='word_1_30' title='bbox 1285 1067 1327 1150; x_wconf 91' lang='grc'>6),</span> 
     </span>
     <span class='ocr_line' id='line_1_6' title="bbox 261 1172 1329 1257; baseline -0.002 -19"><span class='ocrx_word' id='word_1_31' title='bbox 261 1174 346 1240; x_wconf 90' lang='lat' dir='ltr'>velut</span> <span class='ocrx_word' id='word_1_32' title='bbox 379 1172 466 1257; x_wconf 91' lang='lat' dir='ltr'>apud</span> <span class='ocrx_word' id='word_1_33' title='bbox 489 1172 635 1238; x_wconf 81' lang='lat' dir='ltr'>Teletem</span> <span class='ocrx_word' id='word_1_34' title='bbox 662 1176 712 1253; x_wconf 85' lang='grc'>16,</span> <span class='ocrx_word' id='word_1_35' title='bbox 735 1177 754 1236; x_wconf 88' lang='grc'>9</span> <span class='ocrx_word' id='word_1_36' title='bbox 783 1183 838 1236; x_wconf 81' lang='grc' dir='ltr'>τῶν</span> <span class='ocrx_word' id='word_1_37' title='bbox 866 1173 984 1243; x_wconf 82' lang='grc' dir='ltr'>τουτους</span> <span class='ocrx_word' id='word_1_38' title='bbox 1011 1173 1250 1257; x_wconf 81' lang='grc' dir='ltr'>χειροτονοάντων</span> <span class='ocrx_word' id='word_1_39' title='bbox 1278 1175 1329 1236; x_wconf 78' lang='grc' dir='ltr'>καὶ</span> 
     </span>
     <span class='ocr_line' id='line_1_7' title="bbox 261 1282 521 1370; baseline 0 -26"><span class='ocrx_word' id='word_1_40' title='bbox 261 1282 521 1370; x_wconf 79' lang='grc' dir='ltr'>ψηφοφορουντυν.</span> 
     </span>
    </p>

    <p class='ocr_par' dir='ltr' id='par_1_4' title="bbox 260 1385 1329 1581">
     <span class='ocr_line' id='line_1_8' title="bbox 329 1385 1329 1471; baseline -0.004 -19"><span class='ocrx_word' id='word_1_41' title='bbox 329 1409 401 1453; x_wconf 90' lang='lat' dir='ltr'>cum</span> <span class='ocrx_word' id='word_1_42' title='bbox 433 1385 616 1453; x_wconf 88' lang='lat' dir='ltr'>accusativo</span> <span class='ocrx_word' id='word_1_43' title='bbox 653 1385 856 1469; x_wconf 87' lang='lat' dir='ltr'>coniungitur</span> <span class='ocrx_word' id='word_1_44' title='bbox 888 1396 1033 1471; x_wconf 78' lang='grc' dir='ltr'>κακουχῶ</span> <span class='ocrx_word' id='word_1_45' title='bbox 1061 1388 1152 1468; x_wconf 88' lang='grc'>25,4</span> <span class='ocrx_word' id='word_1_46' title='bbox 1183 1395 1329 1471; x_wconf 80' lang='grc' dir='ltr'>νακουχεῖ</span> 
     </span>
     <span class='ocr_line' id='line_1_9' title="bbox 260 1491 581 1581; baseline -0.009 -22"><span class='ocrx_word' id='word_1_47' title='bbox 260 1491 347 1559; x_wconf 71' lang='grc' dir='ltr'>αὑτὸν</span> <span class='ocrx_word' id='word_1_48' title='bbox 370 1497 422 1558; x_wconf 81' lang='grc' dir='ltr'>καὶ</span> <span class='ocrx_word' id='word_1_49' title='bbox 446 1494 581 1581; x_wconf 75' lang='grc' dir='ltr'>ξηραίνει.</span> 
     </span>
    </p>

    <p class='ocr_par' dir='ltr' id='par_1_5' title="bbox 260 1598 1328 1898">
     <span class='ocr_line' id='line_1_10' title="bbox 328 1598 1328 1684; baseline -0.001 -19"><span class='ocrx_word' id='word_1_50' title='bbox 328 1600 458 1666; x_wconf 90' lang='lat' dir='ltr'>verbum</span> <span class='ocrx_word' id='word_1_51' title='bbox 482 1601 623 1684; x_wconf 80' lang='grc' dir='ltr'>λοιδορεῖν</span> <span class='ocrx_word' id='word_1_52' title='bbox 646 1621 713 1665; x_wconf 93' lang='lat' dir='ltr'>non</span> <span class='ocrx_word' id='word_1_53' title='bbox 736 1598 958 1682; x_wconf 25' lang='lat' dir='ltr'>nisi&#39;medium</span> <span class='ocrx_word' id='word_1_54' title='bbox 980 1618 1079 1683; x_wconf 86' lang='lat' dir='ltr'>genus</span> <span class='ocrx_word' id='word_1_55' title='bbox 1102 1598 1219 1682; x_wconf 86' lang='lat' dir='ltr'>legitur</span> <span class='ocrx_word' id='word_1_56' title='bbox 1240 1599 1328 1664; x_wconf 91' lang='lat' dir='ltr'>iunc-</span> 
     </span>
     <span class='ocr_line' id='line_1_11' title="bbox 260 1702 1328 1791; baseline -0.003 -18"><span class='ocrx_word' id='word_1_57' title='bbox 260 1714 329 1774; x_wconf 89' lang='lat' dir='ltr'>tum</span> <span class='ocrx_word' id='word_1_58' title='bbox 357 1708 505 1773; x_wconf 90' lang='lat' dir='ltr'>nimirum</span> <span class='ocrx_word' id='word_1_59' title='bbox 533 1727 605 1772; x_wconf 93' lang='lat' dir='ltr'>cum</span> <span class='ocrx_word' id='word_1_60' title='bbox 629 1706 735 1771; x_wconf 87' lang='lat' dir='ltr'>dativo</span> <span class='ocrx_word' id='word_1_61' title='bbox 761 1709 871 1789; x_wconf 92' lang='grc'>21,11</span> <span class='ocrx_word' id='word_1_62' title='bbox 896 1704 1121 1790; x_wconf 78' lang='grc' dir='ltr'>λοιδορουμένου</span> <span class='ocrx_word' id='word_1_63' title='bbox 1144 1708 1218 1777; x_wconf 82' lang='grc' dir='ltr'>τινὸς</span> <span class='ocrx_word' id='word_1_64' title='bbox 1241 1702 1328 1791; x_wconf 75' lang='grc' dir='ltr'>αὐτῷ.</span> 
     </span>
     <span class='ocr_line' id='line_1_12' title="bbox 262 1815 620 1898; baseline -0.006 -17"><span class='ocrx_word' id='word_1_65' title='bbox 262 1815 300 1883; x_wconf 86' lang='lat' dir='ltr'>cf.</span> <span class='ocrx_word' id='word_1_66' title='bbox 326 1815 452 1898; x_wconf 85' lang='lat' dir='ltr'>Krueg.</span> <span class='ocrx_word' id='word_1_67' title='bbox 469 1818 524 1897; x_wconf 88' lang='grc'>46,</span> <span class='ocrx_word' id='word_1_68' title='bbox 542 1820 571 1895; x_wconf 85' lang='grc'>7,</span> <span class='ocrx_word' id='word_1_69' title='bbox 590 1818 620 1880; x_wconf 89' lang='grc'>3.</span> 
     </span>
    </p>

    <p class='ocr_par' dir='ltr' id='par_1_6' title="bbox 260 1918 1329 2952">
     <span class='ocr_line' id='line_1_13' title="bbox 328 1918 1328 2003; baseline -0.004 -15"><span class='ocrx_word' id='word_1_70' title='bbox 328 1921 472 1988; x_wconf 86' lang='lat' dir='ltr'>adferam</span> <span class='ocrx_word' id='word_1_71' title='bbox 494 1921 547 1986; x_wconf 92' lang='lat' dir='ltr'>hic</span> <span class='ocrx_word' id='word_1_72' title='bbox 568 1920 730 2003; x_wconf 84' lang='lat' dir='ltr'>Kruegeri</span> <span class='ocrx_word' id='word_1_73' title='bbox 759 1919 912 1984; x_wconf 86' lang='lat' dir='ltr'>materiae</span> <span class='ocrx_word' id='word_1_74' title='bbox 941 1918 1150 2002; x_wconf 83' lang='lat' dir='ltr'>dispositione</span> <span class='ocrx_word' id='word_1_75' title='bbox 1174 1919 1328 1984; x_wconf 89' lang='lat' dir='ltr'>derelicta</span> 
     </span>
     <span class='ocr_line' id='line_1_14' title="bbox 263 2025 1328 2110; baseline -0.003 -16"><span class='ocrx_word' id='word_1_76' title='bbox 263 2030 535 2095; x_wconf 80' lang='lat' dir='ltr'>constructionem</span> <span class='ocrx_word' id='word_1_77' title='bbox 559 2028 718 2110; x_wconf 87' lang='lat' dir='ltr'>passivam</span> <span class='ocrx_word' id='word_1_78' title='bbox 748 2047 829 2109; x_wconf 86' lang='lat' dir='ltr'>quae</span> <span class='ocrx_word' id='word_1_79' title='bbox 861 2030 966 2090; x_wconf 88' lang='lat' dir='ltr'>exstat</span> <span class='ocrx_word' id='word_1_80' title='bbox 991 2029 1031 2090; x_wconf 95' lang='grc'>15</span> <span class='ocrx_word' id='word_1_81' title='bbox 1038 2075 1047 2109; x_wconf 94' lang='grc'>,</span> <span class='ocrx_word' id='word_1_82' title='bbox 1068 2029 1107 2089; x_wconf 88' lang='lat'>18</span> <span class='ocrx_word' id='word_1_83' title='bbox 1130 2025 1199 2090; x_wconf 82' lang='grc' dir='ltr'>ἔνιοι</span> <span class='ocrx_word' id='word_1_84' title='bbox 1277 2030 1328 2091; x_wconf 76' lang='grc' dir='ltr'>καὶ</span> 
     </span>
     <span class='ocr_line' id='line_1_15' title="bbox 262 2133 1327 2223; baseline 0 -23"><span class='ocrx_word' id='word_1_85' title='bbox 262 2140 298 2200; x_wconf 84' lang='grc' dir='ltr'>τά</span> <span class='ocrx_word' id='word_1_86' title='bbox 329 2135 404 2223; x_wconf 79' lang='grc' dir='ltr'>ἔθνη</span> <span class='ocrx_word' id='word_1_87' title='bbox 436 2136 615 2199; x_wconf 81' lang='grc' dir='ltr'>πιοτευονται</span> <span class='ocrx_word' id='word_1_88' title='bbox 647 2133 783 2221; x_wconf 82' lang='lat' dir='ltr'>(Krueg.</span> <span class='ocrx_word' id='word_1_89' title='bbox 807 2137 864 2215; x_wconf 88' lang='grc'>52,</span> <span class='ocrx_word' id='word_1_90' title='bbox 884 2135 920 2215; x_wconf 87' lang='grc'>4,</span> <span class='ocrx_word' id='word_1_91' title='bbox 943 2137 984 2217; x_wconf 79' lang='grc'>2).</span> <span class='ocrx_word' id='word_1_92' title='bbox 1030 2153 1090 2215; x_wconf 93' lang='lat' dir='ltr'>pro</span> <span class='ocrx_word' id='word_1_93' title='bbox 1122 2134 1169 2198; x_wconf 89' lang='lat' dir='ltr'>rei</span> <span class='ocrx_word' id='word_1_94' title='bbox 1200 2155 1327 2200; x_wconf 85' lang='lat' dir='ltr'>accusa·</span> 
     </span>
     <span class='ocr_line' id='line_1_16' title="bbox 262 2243 1329 2327; baseline -0.002 -19"><span class='ocrx_word' id='word_1_95' title='bbox 262 2244 327 2308; x_wconf 91' lang='lat' dir='ltr'>tivo</span> <span class='ocrx_word' id='word_1_96' title='bbox 349 2243 468 2326; x_wconf 86' lang='lat' dir='ltr'>legitur</span> <span class='ocrx_word' id='word_1_97' title='bbox 490 2247 638 2307; x_wconf 87' lang='lat' dir='ltr'>neutrum</span> <span class='ocrx_word' id='word_1_98' title='bbox 661 2249 796 2306; x_wconf 83' lang='grc' dir='ltr'>τοσοῦτον</span> <span class='ocrx_word' id='word_1_99' title='bbox 823 2243 873 2321; x_wconf 87' lang='lat'>16,</span> <span class='ocrx_word' id='word_1_100' title='bbox 894 2247 909 2306; x_wconf 85' lang='lat'>7</span> <span class='ocrx_word' id='word_1_101' title='bbox 938 2244 1100 2327; x_wconf 75' lang='grc' dir='ltr'>χρημάτων</span> <span class='ocrx_word' id='word_1_102' title='bbox 1122 2249 1257 2306; x_wconf 85' lang='grc' dir='ltr'>τοσοῦτον</span> <span class='ocrx_word' id='word_1_103' title='bbox 1280 2263 1329 2306; x_wconf 85' lang='grc' dir='ltr'>πι-</span> 
     </span>
     <span class='ocr_line' id='line_1_17' title="bbox 262 2344 1327 2437; baseline 0.002 -25"><span class='ocrx_word' id='word_1_104' title='bbox 262 2355 441 2437; x_wconf 79' lang='grc' dir='ltr'>στευόμενος.</span> <span class='ocrx_word' id='word_1_105' title='bbox 489 2349 625 2433; x_wconf 81' lang='lat' dir='ltr'>genetivi</span> <span class='ocrx_word' id='word_1_106' title='bbox 655 2353 817 2436; x_wconf 85' lang='grc' dir='ltr'>χρημάτων</span> <span class='ocrx_word' id='word_1_107' title='bbox 848 2349 991 2411; x_wconf 81' lang='grc' dir='ltr'>τουοάτιυν</span> <span class='ocrx_word' id='word_1_108' title='bbox 1024 2346 1083 2433; x_wconf 90' lang='lat' dir='ltr'>(sic</span> <span class='ocrx_word' id='word_1_109' title='bbox 1113 2344 1240 2412; x_wconf 81' lang='lat' dir='ltr'>SLMA</span> <span class='ocrx_word' id='word_1_110' title='bbox 1271 2349 1327 2414; x_wconf 93' lang='lat' dir='ltr'>sed</span> 
     </span>
     <span class='ocr_line' id='line_1_18' title="bbox 261 2454 1327 2541; baseline 0.002 -22"><span class='ocrx_word' id='word_1_111' title='bbox 261 2459 404 2522; x_wconf 82' lang='grc' dir='ltr'>τοοουτυν</span> <span class='ocrx_word' id='word_1_112' title='bbox 429 2479 468 2524; x_wconf 87' lang='lat' dir='ltr'>ex</span> <span class='ocrx_word' id='word_1_113' title='bbox 490 2465 626 2522; x_wconf 78' lang='grc' dir='ltr'>τοσοῦτον</span> <span class='ocrx_word' id='word_1_114' title='bbox 649 2455 727 2522; x_wconf 88' lang='lat' dir='ltr'>fecit</span> <span class='ocrx_word' id='word_1_115' title='bbox 741 2455 802 2541; x_wconf 70' lang='lat'>11¹)</span> <span class='ocrx_word' id='word_1_116' title='bbox 829 2454 1039 2539; x_wconf 81' lang='lat' dir='ltr'>patrocinium</span> <span class='ocrx_word' id='word_1_117' title='bbox 1062 2476 1164 2538; x_wconf 87' lang='lat' dir='ltr'>nuper</span> <span class='ocrx_word' id='word_1_118' title='bbox 1187 2457 1327 2539; x_wconf 79' lang='lat' dir='ltr'>suscepit</span> 
     </span>
     <span class='ocr_line' id='line_1_19' title="bbox 260 2561 1327 2647; baseline 0.001 -19"><span class='ocrx_word' id='word_1_119' title='bbox 260 2563 289 2628; x_wconf 90' lang='grc' dir='ltr'>Ι.</span> <span class='ocrx_word' id='word_1_120' title='bbox 313 2561 430 2629; x_wconf 88' lang='lat' dir='ltr'>Sitzler</span> <span class='ocrx_word' id='word_1_121' title='bbox 453 2563 473 2630; x_wconf 93' lang='lat' dir='ltr'>l.</span> <span class='ocrx_word' id='word_1_122' title='bbox 498 2585 522 2630; x_wconf 93' lang='lat' dir='ltr'>s.</span> <span class='ocrx_word' id='word_1_123' title='bbox 548 2584 575 2628; x_wconf 93' lang='lat' dir='ltr'>c.</span> <span class='ocrx_word' id='word_1_124' title='bbox 599 2584 632 2646; x_wconf 93' lang='lat' dir='ltr'>p.</span> <span class='ocrx_word' id='word_1_125' title='bbox 651 2567 725 2627; x_wconf 87' lang='grc'>277.</span> <span class='ocrx_word' id='word_1_126' title='bbox 772 2584 854 2647; x_wconf 87' lang='lat' dir='ltr'>quae</span> <span class='ocrx_word' id='word_1_127' title='bbox 878 2563 962 2628; x_wconf 86' lang='lat' dir='ltr'>ratio</span> <span class='ocrx_word' id='word_1_128' title='bbox 990 2584 1054 2628; x_wconf 93' lang='lat' dir='ltr'>non</span> <span class='ocrx_word' id='word_1_129' title='bbox 1086 2564 1327 2630; x_wconf 88' lang='lat' dir='ltr'>commendatur</span> 
     </span>
     <span class='ocr_line' id='line_1_20' title="bbox 262 2669 1325 2754; baseline 0.001 -18"><span class='ocrx_word' id='word_1_130' title='bbox 262 2670 406 2754; x_wconf 85' lang='lat' dir='ltr'>exemplo</span> <span class='ocrx_word' id='word_1_131' title='bbox 430 2671 518 2754; x_wconf 89' lang='lat' dir='ltr'>quod</span> <span class='ocrx_word' id='word_1_132' title='bbox 539 2670 701 2753; x_wconf 86' lang='lat' dir='ltr'>praemisi.</span> <span class='ocrx_word' id='word_1_133' title='bbox 736 2669 796 2734; x_wconf 89' lang='lat' dir='ltr'>nisi</span> <span class='ocrx_word' id='word_1_134' title='bbox 818 2670 916 2753; x_wconf 85' lang='lat' dir='ltr'>igitur</span> <span class='ocrx_word' id='word_1_135' title='bbox 937 2670 1035 2736; x_wconf 85' lang='lat' dir='ltr'>males</span> <span class='ocrx_word' id='word_1_136' title='bbox 1060 2691 1132 2734; x_wconf 91' lang='lat' dir='ltr'>cum</span> <span class='ocrx_word' id='word_1_137' title='bbox 1147 2669 1325 2737; x_wconf 89' lang='lat' dir='ltr'>Niebuhrio</span> 
     </span>
     <span class='ocr_line' id='line_1_21' title="bbox 261 2776 1325 2862; baseline 0 -19"><span class='ocrx_word' id='word_1_138' title='bbox 261 2778 457 2862; x_wconf 83' lang='lat' dir='ltr'>distinguere</span> <span class='ocrx_word' id='word_1_139' title='bbox 472 2783 549 2861; x_wconf 93' lang='lat' dir='ltr'>post</span> <span class='ocrx_word' id='word_1_140' title='bbox 572 2780 725 2859; x_wconf 82' lang='grc' dir='ltr'>τοοοάτων,</span> <span class='ocrx_word' id='word_1_141' title='bbox 748 2783 914 2860; x_wconf 84' lang='lat' dir='ltr'>praestare</span> <span class='ocrx_word' id='word_1_142' title='bbox 929 2776 1055 2843; x_wconf 88' lang='lat' dir='ltr'>videtur</span> <span class='ocrx_word' id='word_1_143' title='bbox 1070 2787 1206 2842; x_wconf 80' lang='grc' dir='ltr'>τοσοῦτον</span> <span class='ocrx_word' id='word_1_144' title='bbox 1221 2784 1325 2844; x_wconf 88' lang='lat' dir='ltr'>muta-</span> 
     </span>
     <span class='ocr_line' id='line_1_22' title="bbox 260 2885 558 2952; baseline -0.007 -1"><span class='ocrx_word' id='word_1_145' title='bbox 260 2888 349 2952; x_wconf 85' lang='lat' dir='ltr'>tione</span> <span class='ocrx_word' id='word_1_146' title='bbox 371 2885 438 2951; x_wconf 87' lang='lat' dir='ltr'>fere</span> <span class='ocrx_word' id='word_1_147' title='bbox 461 2886 558 2951; x_wconf 90' lang='lat' dir='ltr'>nulla.</span> 
     </span>
    </p>

    <p class='ocr_par' dir='ltr' id='par_1_7' title="bbox 260 2992 1327 3293">
     <span class='ocr_line' id='line_1_23' title="bbox 328 2992 1327 3075; baseline -0.001 -16"><span class='ocrx_word' id='word_1_148' title='bbox 328 2995 529 3059; x_wconf 86' lang='lat' dir='ltr'>accusativus</span> <span class='ocrx_word' id='word_1_149' title='bbox 561 2992 696 3058; x_wconf 92' lang='lat' dir='ltr'>nominis</span> <span class='ocrx_word' id='word_1_150' title='bbox 731 2992 878 3057; x_wconf 85' lang='lat' dir='ltr'>adiectivi</span> <span class='ocrx_word' id='word_1_151' title='bbox 913 2992 1001 3075; x_wconf 89' lang='lat' dir='ltr'>quod</span> <span class='ocrx_word' id='word_1_152' title='bbox 1035 2992 1225 3060; x_wconf 79' lang='lat' dir='ltr'>substantivi</span> <span class='ocrx_word' id='word_1_153' title='bbox 1258 2994 1327 3059; x_wconf 91' lang='lat' dir='ltr'>vice</span> 
     </span>
     <span class='ocr_line' id='line_1_24' title="bbox 260 3098 1327 3185; baseline 0 -21"><span class='ocrx_word' id='word_1_154' title='bbox 260 3100 404 3184; x_wconf 83' lang='lat' dir='ltr'>fungitur</span> <span class='ocrx_word' id='word_1_155' title='bbox 437 3100 534 3166; x_wconf 87' lang='lat' dir='ltr'>verbo</span> <span class='ocrx_word' id='word_1_156' title='bbox 568 3100 694 3183; x_wconf 87' lang='lat' dir='ltr'>passivo</span> <span class='ocrx_word' id='word_1_157' title='bbox 727 3099 931 3185; x_wconf 77' lang='grc' dir='ltr'>ἀναγκάζομαι</span> <span class='ocrx_word' id='word_1_158' title='bbox 962 3100 1091 3165; x_wconf 91' lang='lat' dir='ltr'>additur</span> <span class='ocrx_word' id='word_1_159' title='bbox 1124 3105 1236 3184; x_wconf 87' lang='grc'>32,19</span> <span class='ocrx_word' id='word_1_160' title='bbox 1266 3098 1327 3165; x_wconf 83' lang='grc' dir='ltr'>εἶτα</span> 
     </span>
     <span class='ocr_line' id='line_1_25' title="bbox 261 3205 1326 3293; baseline 0.001 -20"><span class='ocrx_word' id='word_1_161' title='bbox 261 3207 474 3291; x_wconf 72' lang='grc' dir='ltr'>ἀναγκάζονται</span> <span class='ocrx_word' id='word_1_162' title='bbox 496 3209 622 3272; x_wconf 87' lang='grc' dir='ltr'>πολλὰ</span> <span class='ocrx_word' id='word_1_163' title='bbox 644 3205 684 3273; x_wconf 81' lang='grc' dir='ltr'>ὧν</span> <span class='ocrx_word' id='word_1_164' title='bbox 708 3205 742 3271; x_wconf 81' lang='grc' dir='ltr'>οὐ</span> <span class='ocrx_word' id='word_1_165' title='bbox 765 3209 927 3293; x_wconf 80' lang='grc' dir='ltr'>βουλονται.</span> <span class='ocrx_word' id='word_1_166' title='bbox 967 3207 1006 3276; x_wconf 88' lang='lat' dir='ltr'>of.</span> <span class='ocrx_word' id='word_1_167' title='bbox 1030 3207 1154 3293; x_wconf 86' lang='lat' dir='ltr'>Krueg.</span> <span class='ocrx_word' id='word_1_168' title='bbox 1177 3212 1230 3291; x_wconf 91' lang='grc'>52,</span> <span class='ocrx_word' id='word_1_169' title='bbox 1247 3214 1277 3291; x_wconf 86' lang='grc'>4,</span> <span class='ocrx_word' id='word_1_170' title='bbox 1295 3215 1326 3274; x_wconf 88' lang='grc'>8.</span> 
     </span>
    </p>

    <p class='ocr_par' dir='ltr' id='par_1_8' title="bbox 260 3314 1328 3833">
     <span class='ocr_line' id='line_1_26' title="bbox 327 3314 1326 3402; baseline 0 -23"><span class='ocrx_word' id='word_1_171' title='bbox 327 3319 474 3402; x_wconf 77' lang='grc' dir='ltr'>θαυμάζω</span> <span class='ocrx_word' id='word_1_172' title='bbox 491 3315 550 3381; x_wconf 94' lang='lat' dir='ltr'>sibi</span> <span class='ocrx_word' id='word_1_173' title='bbox 566 3316 704 3380; x_wconf 89' lang='lat' dir='ltr'>conectit</span> <span class='ocrx_word' id='word_1_174' title='bbox 721 3316 937 3380; x_wconf 86' lang='lat' dir='ltr'>accusativum</span> <span class='ocrx_word' id='word_1_175' title='bbox 954 3320 1006 3398; x_wconf 89' lang='grc'>20,</span> <span class='ocrx_word' id='word_1_176' title='bbox 1022 3320 1039 3378; x_wconf 86' lang='grc'><strong>7</strong></span> <span class='ocrx_word' id='word_1_177' title='bbox 1061 3319 1112 3380; x_wconf 83' lang='grc' dir='ltr'>ναὶ</span> <span class='ocrx_word' id='word_1_178' title='bbox 1127 3314 1254 3402; x_wconf 84' lang='grc' dir='ltr'>Κάδμον</span> <span class='ocrx_word' id='word_1_179' title='bbox 1274 3320 1326 3402; x_wconf 85' lang='grc' dir='ltr'>μὲν</span> 
     </span>
     <span class='ocr_line' id='line_1_27' title="bbox 260 3423 1326 3510; baseline 0.003 -24"><span class='ocrx_word' id='word_1_180' title='bbox 260 3427 308 3489; x_wconf 87' lang='grc' dir='ltr'>τὸν</span> <span class='ocrx_word' id='word_1_181' title='bbox 331 3428 448 3510; x_wconf 70' lang='lat' dir='ltr'>estorp</span> <span class='ocrx_word' id='word_1_182' title='bbox 472 3423 577 3510; x_wconf 81' lang='grc' dir='ltr'>Θηβῶν</span> <span class='ocrx_word' id='word_1_183' title='bbox 601 3426 773 3508; x_wconf 77' lang='grc' dir='ltr'>θαυμάζεις.</span> <span class='ocrx_word' id='word_1_184' title='bbox 819 3423 857 3488; x_wconf 84' lang='lat' dir='ltr'>ct.</span> <span class='ocrx_word' id='word_1_185' title='bbox 882 3423 1007 3506; x_wconf 85' lang='lat' dir='ltr'>Krueg.</span> <span class='ocrx_word' id='word_1_186' title='bbox 1024 3427 1077 3505; x_wconf 83' lang='lat'>47,</span> <span class='ocrx_word' id='word_1_187' title='bbox 1098 3428 1149 3507; x_wconf 89' lang='grc'>10,</span> <span class='ocrx_word' id='word_1_188' title='bbox 1166 3428 1196 3489; x_wconf 89' lang='grc'>9.</span> <span class='ocrx_word' id='word_1_189' title='bbox 1243 3445 1326 3489; x_wconf 92' lang='lat' dir='ltr'>oom-</span> 
     </span>
     <span class='ocr_line' id='line_1_28' title="bbox 261 3529 1328 3615; baseline 0.002 -20"><span class='ocrx_word' id='word_1_190' title='bbox 261 3551 440 3596; x_wconf 86' lang='lat' dir='ltr'>memorare</span> <span class='ocrx_word' id='word_1_191' title='bbox 455 3529 534 3596; x_wconf 88' lang='lat' dir='ltr'>libet</span> <span class='ocrx_word' id='word_1_192' title='bbox 549 3530 610 3595; x_wconf 84' lang='lat' dir='ltr'>hac</span> <span class='ocrx_word' id='word_1_193' title='bbox 626 3529 703 3595; x_wconf 85' lang='lat' dir='ltr'>data</span> <span class='ocrx_word' id='word_1_194' title='bbox 719 3531 888 3596; x_wconf 85' lang='lat' dir='ltr'>occasione</span> <span class='ocrx_word' id='word_1_195' title='bbox 904 3535 1100 3596; x_wconf 85' lang='lat' dir='ltr'>structuram</span> <span class='ocrx_word' id='word_1_196' title='bbox 1116 3552 1199 3614; x_wconf 90' lang='lat' dir='ltr'>quae</span> <span class='ocrx_word' id='word_1_197' title='bbox 1210 3531 1328 3615; x_wconf 87' lang='lat' dir='ltr'>legitur</span> 
     </span>
     <span class='ocr_line' id='line_1_29' title="bbox 260 3635 1327 3726; baseline 0.002 -25"><span class='ocrx_word' id='word_1_198' title='bbox 260 3659 291 3720; x_wconf 91' lang='lat' dir='ltr'>p.</span> <span class='ocrx_word' id='word_1_199' title='bbox 311 3640 400 3721; x_wconf 85' lang='lat'>31‚4</span> <span class='ocrx_word' id='word_1_200' title='bbox 423 3640 595 3723; x_wconf 83' lang='grc' dir='ltr'>θαυμαστὸν</span> <span class='ocrx_word' id='word_1_201' title='bbox 625 3641 677 3722; x_wconf 84' lang='grc' dir='ltr'>μὲν</span> <span class='ocrx_word' id='word_1_202' title='bbox 706 3641 772 3720; x_wconf 73' lang='grc' dir='ltr'>γάρ,</span> <span class='ocrx_word' id='word_1_203' title='bbox 803 3635 1137 3725; x_wconf 74' lang='grc' dir='ltr'>φηο1ν&lt;ὁΔιογὲνης&gt;,</span> <span class='ocrx_word' id='word_1_204' title='bbox 1168 3635 1193 3703; x_wconf 77' lang='grc' dir='ltr'>εἰ</span> <span class='ocrx_word' id='word_1_205' title='bbox 1219 3637 1327 3726; x_wconf 84' lang='grc' dir='ltr'>Μάνης</span> 
     </span>
     <span class='ocr_line' id='line_1_30' title="bbox 261 3742 1026 3833; baseline 0 -23"><span class='ocrx_word' id='word_1_206' title='bbox 261 3749 373 3831; x_wconf 84' lang='grc' dir='ltr'>μὲν...</span> <span class='ocrx_word' id='word_1_207' title='bbox 390 3745 542 3833; x_wconf 78' lang='grc' dir='ltr'>δυνήσεται</span> <span class='ocrx_word' id='word_1_208' title='bbox 564 3742 623 3808; x_wconf 69' lang='lat' dir='ltr'>art.</span> <span class='ocrx_word' id='word_1_209' title='bbox 670 3744 710 3809; x_wconf 85' lang='lat' dir='ltr'>cf.</span> <span class='ocrx_word' id='word_1_210' title='bbox 734 3745 859 3828; x_wconf 86' lang='lat' dir='ltr'>Krueg.</span> <span class='ocrx_word' id='word_1_211' title='bbox 878 3750 929 3827; x_wconf 88' lang='grc'>65,</span> <span class='ocrx_word' id='word_1_212' title='bbox 948 3750 978 3829; x_wconf 91' lang='grc'>5,</span> <span class='ocrx_word' id='word_1_213' title='bbox 996 3751 1026 3810; x_wconf 85' lang='grc'>7.</span> 
     </span>
    </p>

    <p class='ocr_par' dir='ltr' id='par_1_9' title="bbox 260 3851 1326 4368">
     <span class='ocr_line' id='line_1_31' title="bbox 327 3851 1325 3939; baseline 0.002 -23"><span class='ocrx_word' id='word_1_214' title='bbox 327 3851 430 3918; x_wconf 88' lang='lat' dir='ltr'>verbis</span> <span class='ocrx_word' id='word_1_215' title='bbox 454 3853 540 3939; x_wconf 75' lang='grc' dir='ltr'>διψῆν</span> <span class='ocrx_word' id='word_1_216' title='bbox 564 3857 596 3916; x_wconf 90' lang='lat' dir='ltr'>et</span> <span class='ocrx_word' id='word_1_217' title='bbox 619 3862 717 3939; x_wconf 77' lang='grc' dir='ltr'>πεινῆν</span> <span class='ocrx_word' id='word_1_218' title='bbox 741 3873 811 3917; x_wconf 91' lang='lat' dir='ltr'>cum</span> <span class='ocrx_word' id='word_1_219' title='bbox 834 3853 881 3917; x_wconf 90' lang='lat' dir='ltr'>rei</span> <span class='ocrx_word' id='word_1_220' title='bbox 901 3853 1082 3919; x_wconf 86' lang='lat' dir='ltr'>accusativo</span> <span class='ocrx_word' id='word_1_221' title='bbox 1099 3853 1215 3918; x_wconf 88' lang='lat' dir='ltr'>iunctis</span> <span class='ocrx_word' id='word_1_222' title='bbox 1231 3853 1325 3919; x_wconf 82' lang='lat' dir='ltr'>Teles</span> 
     </span>
     <span class='ocr_line' id='line_1_32' title="bbox 260 3957 1326 4048; baseline 0.002 -24"><span class='ocrx_word' id='word_1_223' title='bbox 260 3958 300 4024; x_wconf 90' lang='lat' dir='ltr'>ab</span> <span class='ocrx_word' id='word_1_224' title='bbox 330 3980 391 4024; x_wconf 92' lang='lat' dir='ltr'>usu</span> <span class='ocrx_word' id='word_1_225' title='bbox 414 3957 603 4025; x_wconf 90' lang='lat' dir='ltr'>Atticorum</span> <span class='ocrx_word' id='word_1_226' title='bbox 632 3959 823 4042; x_wconf 88' lang='lat' dir='ltr'>scriptorum</span> <span class='ocrx_word' id='word_1_227' title='bbox 853 3959 948 4043; x_wconf 86' lang='lat' dir='ltr'>plane</span> <span class='ocrx_word' id='word_1_228' title='bbox 975 3959 1116 4025; x_wconf 85' lang='lat' dir='ltr'>recedit:</span> <span class='ocrx_word' id='word_1_229' title='bbox 1146 3964 1181 4040; x_wconf 87' lang='grc'>5,</span> <span class='ocrx_word' id='word_1_230' title='bbox 1201 3965 1220 4024; x_wconf 91' lang='grc'>2</span> <span class='ocrx_word' id='word_1_231' title='bbox 1243 3972 1326 4048; x_wconf 72' lang='grc' dir='ltr'>ποινά</span> 
     </span>
     <span class='ocr_line' id='line_1_33' title="bbox 260 4063 1326 4153; baseline 0.002 -23"><span class='ocrx_word' id='word_1_232' title='bbox 260 4089 301 4138; x_wconf 86' lang='grc' dir='ltr'>τις</span> <span class='ocrx_word' id='word_1_233' title='bbox 323 4066 491 4131; x_wconf 80' lang='grc' dir='ltr'>πλακοῦντα</span> <span class='ocrx_word' id='word_1_234' title='bbox 513 4063 533 4152; x_wconf 79' lang='grc' dir='ltr'>ἢ</span> <span class='ocrx_word' id='word_1_235' title='bbox 558 4067 628 4153; x_wconf 61' lang='grc' dir='ltr'>διψοζι</span> <span class='ocrx_word' id='word_1_236' title='bbox 651 4065 731 4132; x_wconf 83' lang='grc' dir='ltr'>Χῖον.</span> <span class='ocrx_word' id='word_1_237' title='bbox 778 4066 895 4132; x_wconf 86' lang='lat' dir='ltr'>saeculi</span> <span class='ocrx_word' id='word_1_238' title='bbox 925 4067 1031 4149; x_wconf 86' lang='lat' dir='ltr'>quarti</span> <span class='ocrx_word' id='word_1_239' title='bbox 1062 4066 1326 4133; x_wconf 88' lang='lat' dir='ltr'>consuetudinem</span> 
     </span>
     <span class='ocr_line' id='line_1_34' title="bbox 261 4172 1325 4259; baseline 0 -21"><span class='ocrx_word' id='word_1_240' title='bbox 261 4172 387 4240; x_wconf 90' lang='lat' dir='ltr'>dicendi</span> <span class='ocrx_word' id='word_1_241' title='bbox 406 4173 544 4240; x_wconf 78' lang='lat' dir='ltr'>illustret</span> <span class='ocrx_word' id='word_1_242' title='bbox 564 4195 611 4240; x_wconf 87' lang='lat' dir='ltr'>ex.</span> <span class='ocrx_word' id='word_1_243' title='bbox 630 4195 678 4257; x_wconf 87' lang='lat' dir='ltr'>gr.</span> <span class='ocrx_word' id='word_1_244' title='bbox 695 4172 859 4257; x_wconf 91' lang='lat' dir='ltr'>Xenopho</span> <span class='ocrx_word' id='word_1_245' title='bbox 883 4194 995 4240; x_wconf 91' lang='lat' dir='ltr'>oecon.</span> <span class='ocrx_word' id='word_1_246' title='bbox 1022 4179 1073 4258; x_wconf 87' lang='grc'>13,</span> <span class='ocrx_word' id='word_1_247' title='bbox 1092 4179 1110 4240; x_wconf 87' lang='grc'>9</span> <span class='ocrx_word' id='word_1_248' title='bbox 1131 4185 1247 4239; x_wconf 83' lang='grc' dir='ltr'>πεινῶσι</span> <span class='ocrx_word' id='word_1_249' title='bbox 1269 4178 1325 4259; x_wconf 78' lang='grc' dir='ltr'>γάρ</span> 
     </span>
     <span class='ocr_line' id='line_1_35' title="bbox 261 4276 1325 4368; baseline 0.004 -26"><span class='ocrx_word' id='word_1_250' title='bbox 261 4288 310 4342; x_wconf 84' lang='grc' dir='ltr'>του</span> <span class='ocrx_word' id='word_1_251' title='bbox 326 4277 444 4344; x_wconf 75' lang='grc' dir='ltr'>ἐπαίνου</span> <span class='ocrx_word' id='word_1_252' title='bbox 459 4276 517 4367; x_wconf 78' lang='grc' dir='ltr'>οὐχ</span> <span class='ocrx_word' id='word_1_253' title='bbox 531 4277 616 4368; x_wconf 74' lang='grc' dir='ltr'>ἦττον</span> <span class='ocrx_word' id='word_1_254' title='bbox 639 4279 711 4344; x_wconf 81' lang='grc' dir='ltr'>ἔνιαι</span> <span class='ocrx_word' id='word_1_255' title='bbox 733 4291 788 4344; x_wconf 85' lang='grc' dir='ltr'>τῶν</span> <span class='ocrx_word' id='word_1_256' title='bbox 812 4281 925 4368; x_wconf 79' lang='grc' dir='ltr'>φυοεων</span> <span class='ocrx_word' id='word_1_257' title='bbox 941 4278 960 4366; x_wconf 79' lang='grc' dir='ltr'>ἢ</span> <span class='ocrx_word' id='word_1_258' title='bbox 978 4279 1067 4344; x_wconf 81' lang='grc' dir='ltr'>ἄλλοι</span> <span class='ocrx_word' id='word_1_259' title='bbox 1090 4291 1145 4346; x_wconf 84' lang='grc' dir='ltr'>τῶν</span> <span class='ocrx_word' id='word_1_260' title='bbox 1168 4284 1252 4345; x_wconf 84' lang='grc' dir='ltr'>σίτων</span> <span class='ocrx_word' id='word_1_261' title='bbox 1274 4284 1325 4346; x_wconf 75' lang='grc' dir='ltr'>καὶ</span> 
     </span>
    </p>
   </div>
   <div class='ocr_carea' id='block_1_3' title="bbox 0 0 1698 5236">
    <p class='ocr_par' dir='ltr' id='par_1_10' title="bbox 0 0 1698 5236">
     <span class='ocr_line' id='line_1_36' title="bbox 0 0 1698 5236; baseline 0 0"><span class='ocrx_word' id='word_1_262' title='bbox 0 0 1698 5236; x_wconf 95' lang='lat' dir='ltr'> </span> 
     </span>
    </p>
   </div>
  </div>
 </body>
</html>
