3388 5236
823 547 1043 609 „16-

464 745 632 822 suspectus
656 741 718 806 erit
741 741 910 822 articulus,
940 743 1082 824 quamvis
1104 743 1138 807 in
1162 744 1284 825 optimo
1307 743 1389 809 libro
1409 744 1462 825 sit,

396 846 429 910 in
451 845 500 911 his
525 852 577 928 29,
596 852 613 910 7
630 851 692 934 τμη
719 850 794 930 πρὸς
821 850 879 911 τὸν
907 846 1092 934 Πτολεμαῖον
1119 853 1215 934 πέμπε
1231 897 1238 912 .
1255 897 1285 912 ..
1306 847 1386 913 ἀλλὰ
1410 847 1463 936 [εἰς

397 951 579 1042 ἀκαδημίοιν]
602 957 677 1038 πρὸς
699 951 844 1041 Κράτητα
867 976 931 1020 non
962 955 1064 1020 solum
1091 960 1224 1039 propter
1247 956 1462 1022 membrorum

397 1061 644 1127 concinnitatem
660 1061 717 1126 sed
733 1062 807 1144 quia
823 1082 921 1144 supra
936 1061 1052 1145 legitur
1067 1062 1135 1128 sine
1146 1061 1212 1127 ulla
1226 1061 1381 1128 librorum
1399 1062 1461 1128 dis-

397 1169 562 1252 crepantia
584 1171 674 1250 16,4
697 1165 752 1233 teo
776 1168 971 1255 Πτολεμαίου.
1001 1190 1059 1235 suo
1083 1170 1181 1253 igitur
1203 1170 1271 1236 iure
1295 1170 1462 1237 adnotavit

395 1275 521 1342 Hense:
545 1273 633 1361 ‘apoc
648 1281 696 1342 τδν
712 1276 750 1342 S:
774 1281 848 1361 πρὸς
870 1276 943 1342 MA
965 1276 1105 1343 fortasse
1129 1275 1234 1344 recte’.

462 1385 605 1448 auctoris
620 1404 736 1450 nomen
758 1405 883 1468 semper
903 1383 1037 1449 articulo
1058 1384 1263 1467 distinguitur
1277 1384 1309 1448 in
1328 1383 1464 1450 formula

396 1493 483 1578 φησὶν
498 1488 514 1553 δ
528 1491 608 1556 δεῖνα
623 1492 719 1574 idque
732 1491 799 1556 siue
812 1491 959 1555 codicum
976 1490 1201 1573 discrepantia.
1227 1488 1372 1573 exempla
1387 1495 1462 1554 sunt

395 1597 489 1663 haee:
524 1601 601 1679 aa,
631 1601 710 1679 4,1.
741 1602 807 1680 aa
836 1596 978 1683 (0111).
1006 1601 1105 1677 1o‚2.
1137 1601 1186 1664 14.
1212 1601 1265 1678 τι,
1285 1600 1335 1663 15.
1361 1601 1461 1678 aaa.

396 1709 449 1784 26,
469 1709 519 1769 13.
545 1708 641 1785 29,1.
668 1710 719 1788 38,
732 1709 763 1772 4.
789 1703 828 1769 cf.
846 1706 1080 1786 etiam45,15.
1103 1708 1157 1786 47,
1171 1710 1202 1787 9,
1226 1706 1287 1769 etsi
1308 1725 1372 1770 non
1388 1711 1463 1769 sunt

395 1833 526 1896 prorsus
543 1812 683 1878 eiusdem
699 1818 859 1878 monetae.
882 1817 970 1877 recte
986 1813 1082 1897 igitur
1105 1811 1287 1895 suppletum
1310 1816 1359 1876 est
1372 1817 1423 1893 31,
1440 1814 1462 1875 4

395 1925 482 2009 μησὶν
505 1919 545 1999 <d
561 1919 724 2008 Διογένης)
748 1943 818 1986 cum
843 1920 989 1986 articulo.
1022 1920 1075 1985 ubi
1100 1925 1208 1985 autem
1223 1919 1360 1986 formula
1382 1919 1461 1984 haec

397 2027 641 2111 derelinquitur,
666 2029 762 2093 etiam
784 2029 938 2094 maiorem
963 2028 1022 2093 sibi
1046 2029 1141 2092 sumit
1165 2027 1259 2092 Telos
1280 2027 1460 2092 libertatern

395 2135 533 2218 ponendi
562 2135 732 2200 articulum
763 2135 811 2202 vel
841 2156 905 2200 non
934 2134 1089 2218 ponendi:
1117 2134 1216 2222 Ζηνων
1244 2133 1303 2222 ἔφη
1333 2135 1460 2217 scripsit

397 2246 483 2322 35,4
506 2239 540 2305 ob
563 2253 666 2314 κακῶς
683 2243 715 2305 δὲ
735 2245 786 2306 καὶ
803 2242 923 2323 Θέογνις
943 2243 1020 2323 λέγει
1038 2244 1089 2322 34,
1104 2246 1133 2308 6.
1156 2237 1190 2304 od
1209 2252 1312 2313 κακῶς
1327 2237 1376 2305 οὖν
1392 2238 1461 2304 οὐδὲ

396 2347 554 2439 Σοφοκλῆς
576 2347 635 2413 art.
658 2349 731 2415 libri
754 2350 909 2434 praebent
934 2354 985 2430 36,
1004 2354 1034 2432 3,
1059 2349 1116 2414 sed
1139 2371 1214 2414 mox
1237 2345 1292 2412 oda
1314 2347 1372 2413 ἀπὸ
1394 2352 1461 2432 τρό-
1537 2385 1541 2393 =

394 2479 450 2521 ποο
482 2457 514 2520 δέ
543 2479 592 2543 μοι
623 2457 704 2521 δοκεῖ
733 2454 795 2522 οὐδ’
825 2454 841 2520 ὁ
869 2455 1029 2543 Εάριτάδης
1060 2454 1248 2542 ἐγκωμιάζων
1278 2457 1370 2537 λέγειν
1401 2453 1459 2519 ιττὲ.

397 2567 449 2646 37,
467 2568 498 2628 9.
521 2560 576 2627 οὐκ
592 2561 694 2652 ἀηδῶς
709 2567 765 2648 ηάρ
782 2562 906 2651 Κράτης
929 2563 1047 2647 legitur
1065 2567 1117 2646 33,
1136 2568 1165 2644 2,
1190 2562 1246 2628 sed
1269 2562 1366 2646 paulo
1387 2567 1460 2628 ante

396 2670 537 2736 eiusdem
568 2672 721 2736 sermonis
753 2671 872 2754 pagina
907 2674 994 2749 31,ss
1027 2675 1116 2734 recte
1146 2669 1260 2752 procul
1292 2670 1390 2735 dubio
1421 2689 1460 2733 ex

394 2777 550 2844 librorum
573 2777 734 2862 scriptura
757 2775 941 2865 ὦφιλημονε
965 2777 1073 2841 elicuit
1096 2775 1261 2842 Gesnerus
1284 2773 1339 2840 οάκ
1359 2774 1461 2863 ἀηδῶς

396 2882 412 2948 ὁ
435 2883 620 2972 Φιλημων,
646 2885 788 2967 quamvis
812 2884 851 2950 de
875 2884 968 2948 exilio
986 2905 1088 2949 sermo
1104 2883 1258 2967 praebeat
1277 2886 1326 2963 17,
1345 2886 1384 2946 16
1406 2879 1461 2945 oba

396 2990 497 3079 ἀηδῶς
521 2989 666 3079 Φιλήμων
696 2992 763 3058 sine
793 2990 938 3057 a1tioulo.
985 2992 1031 3056 sic
1061 2991 1158 3056 etiam
1187 2987 1242 3053 οάοι
1272 2988 1374 3075 ἀηδῶς
1404 2993 1459 3072 γάρ

395 3096 555 3183 Εὐριπίδης
577 3101 631 3178 41,
646 3102 675 3164 2.
716 3095 779 3176 (ως
800 3097 926 3162 Πλάτων
947 3101 1058 3186 capas
1081 3096 1263 3179 suppletum
1287 3102 1337 3160 est
1361 3099 1455 3177 12,1.

396 3205 547 3271 credibile
572 3210 621 3270 est
644 3205 741 3288 igitur
764 3205 868 3288 ipsum
892 3205 1082 3288 scriptorem
1105 3205 1137 3268 in
1154 3202 1325 3269 eiusmodi
1348 3203 1459 3268 locuti·

396 3311 509 3378 onibus
525 3312 671 3378 varietati
694 3332 758 3376 non
782 3312 859 3376 nihil
878 3311 1013 3392 dedisse,
1038 3311 1113 3376 licet
1134 3311 1379 3393 epitomatorem
1395 3330 1459 3374 non

395 3419 456 3484 hoc
472 3418 526 3484 illo
542 3418 615 3484 loco
632 3419 802 3503 apristina
816 3419 921 3485 forma
940 3419 1110 3484 recessisse
1133 3438 1227 3483 nemo
1252 3418 1458 3501 praestiterit.

462 3531 620 3591 terrarum
650 3526 830 3592 nominibus
860 3525 957 3592 modo
989 3526 1124 3592 adicitur
1154 3525 1306 3590 articulus
1333 3525 1460 3608 (161)

395 3632 491 3698 modo
520 3632 699 3698 detrahitur
726 3635 798 3716 (16,
815 3639 845 3698 7.
874 3639 904 3698 8.
933 3638 983 3715 16,
1002 3636 1048 3718 3).
1093 3634 1127 3696 1η
1155 3632 1266 3698 cadem
1293 3631 1359 3696 fere
1388 3652 1459 3695 con·

397 3740 522 3805 dicione
545 3746 714 3806 versantur
737 3741 866 3806 nomina
894 3741 1033 3821 urbium,
1062 3740 1160 3806 modo
1189 3740 1361 3805 adsumunt
1384 3739 1460 3803 arti·

397 3848 502 3913 culum
524 3848 620 3913 modo
645 3846 800 3913 abiciunt:
826 3852 878 3919 τάς
893 3845 1031 3935 Ἀθήνας
1052 3850 1138 3930 8,13
1155 3843 1327 3929 τᾷΣπάμτη
1350 3848 1458 3927 4415

397 3953 502 4041 Θηβῶν
526 3959 583 4034 20,
607 3960 624 4018 7
651 3951 686 4017 ἐκ
714 3953 820 4041 Θηβῶν
845 3960 901 4037 22,
921 3959 951 4018 9.
1003 3955 1133 4020 nomina
1163 3953 1294 4035 gentilia
1326 3973 1458 4016 numero

396 4060 512 4143 plurali
523 4060 664 4126 exhibita
676 4081 800 4144 semper
813 4066 922 4126 carent
935 4059 1069 4126 articulo
1086 4059 1140 4147 (cf.
1154 4059 1278 4142 Krueg.
1293 4062 1345 4142 50,
1353 4064 1384 4140 2,
1393 4058 1458 4143 11).

396 4168 441 4232 sic
463 4165 623 4255 Ἀνμωω
647 4172 698 4248 36,
720 4171 768 4230 12.
799 4171 852 4250 ιι,
871 4173 900 4232 o.
931 4172 983 4248 31,
1003 4171 1031 4235 1.
1061 4170 1170 4247 ae,11
1202 4164 1341 4250 Κυπριων
1371 4169 1458 4247 aaa

396 4273 627 4360 Λακεδαιμόνιοι
651 4278 774 4357 20,10.
799 4279 888 4356 45,7
918 4273 1080 4359 Μεγαρέων
1105 4277 1228 4356 21,14.
1257 4273 1368 4356 regula
1394 4294 1459 4338 nou
