3388 5236
778 568 998 628 -30-

357 760 482 826 cedunt.
514 760 545 824 in
548 766 600 825 tra
548 760 814 826 tteodcm
759 764 814 825 aut
817 781 865 826 em
890 762 984 825 etiam
1009 757 1197 845 temporalia
1221 765 1295 825 cont
1297 762 1384 826 inent
1385 783 1424 826 ur

357 889 439 932 enun
441 869 523 933 tiata
503 865 593 953 ac(f
610 867 675 932 ind.
691 888 760 932 voc.
777 887 803 931 s.
820 865 877 944 ὅτε,
901 865 979 943 ὅταν,
1002 865 1069 944 ἕως,
1094 864 1164 944 ἐπει,
1189 865 1291 954 ὡς)
1261 889 1322 933 msi
1313 867 1422 951 quod

355 975 588 1042 rariorasunt.
626 974 839 1057 nequeenim
868 974 970 1040 multa
1000 978 1071 1040 crat
1057 974 1209 1040 thorum
1237 975 1363 1041 occasio
1391 974 1423 1040 in

357 1080 510 1148 diatribis.
557 1080 677 1146 frustra
709 1081 806 1164 igitur
841 1086 1038 1163 quaeruntur
1061 1081 1204 1147 membra
1233 1103 1291 1164 per
1325 1079 1421 1159 ὁπότε,

355 1186 460 1275 ἡνίκα,
484 1187 572 1274 ἄχρι,
607 1193 696 1275 μέχρι
720 1185 800 1274 (οὗ),
834 1187 914 1264 ἔστε,
949 1186 1067 1275 ἐπειδή,
1091 1185 1178 1264 ἐπάν,
1210 1185 1336 1265 ἐπειδάν,
1359 1193 1423 1275 πρὶν

355 1293 504 1360 formata.
535 1294 612 1378 quid
627 1294 753 1360 intersit
774 1296 859 1359 inter
874 1293 936 1360 boc
954 1299 1006 1377 36,
1025 1297 1063 1357 11
1082 1291 1129 1358 ὅτε
1142 1343 1148 1357 .
1162 1343 1168 1357 .
1182 1343 1188 1357 .
1204 1293 1317 1380 ἤθελον
1337 1295 1421 1368 τάξαι

357 1408 390 1466 et
417 1401 494 1467 illud
520 1404 630 1483 29,11
660 1399 707 1465 ὅτε
737 1405 865 1487 μέν
889 1401 1032 1489 σχολάζοι
1063 1401 1240 1484 (praecedit
1262 1400 1334 1490 ἔφη)
1358 1423 1423 1467 non

356 1514 406 1574 est
422 1530 480 1574 cur
496 1509 627 1574 verbose
644 1528 811 1591 exponam,
828 1508 868 1573 cf.
881 1507 1008 1592 Krueg.
1027 1511 1078 1589 54,
1099 1511 1149 1590 16,
1168 1513 1184 1572 1
1204 1512 1236 1574 et
1254 1511 1305 1591 54,
1325 1512 1377 1592 17,
1390 1512 1422 1572 4.

355 1616 492 1682 formula
513 1614 571 1688 ἕως
594 1614 660 1680 ὅταν
685 1615 984 1681 commemorabitur
1006 1614 1098 1681 infra.

423 1724 568 1789 Transeo
593 1723 634 1789 ad
657 1723 924 1788 infinitivum.
970 1722 1144 1788 infinitivus
1174 1722 1341 1788 absolutus
1369 1723 1424 1805 qui

356 1832 473 1897 dicitur
495 1832 528 1896 in
550 1830 690 1897 Tcleteis
719 1852 784 1896 non
816 1831 943 1915 legitur.
991 1831 1108 1897 desunt
1139 1831 1237 1914 igitur
1268 1830 1423 1896 formulae

356 1937 397 2011 ὡς
413 1938 511 2026 (έπος)
528 1935 614 2003 εἰπεῖν
634 1937 780 2021 aliaeque
802 1938 834 2002 id
858 1959 968 2023 genus.
1004 1937 1101 2004 semel
1117 1943 1222 2005 exstat
1238 1936 1262 2002 εἰ
1279 1938 1323 2001 δεῖ
1336 1934 1422 2002 εἰπεῖν

356 2043 457 2122 οὕτως,
491 2044 618 2129 dequo
642 2044 725 2112 infra
746 2045 883 2112 monebo
907 2068 932 2111 s.
955 2068 985 2110 v.
1009 2043 1195 2134 εὐκλήρημα.
1229 2052 1305 2130 post
1326 2047 1424 2113 verba

355 2152 582 2236 impersonalia
605 2152 672 2218 sine
695 2153 830 2219 articulo
846 2154 966 2237 passim
981 2154 1140 2218 invenitur
1162 2152 1343 2219 infinitivus.
1378 2155 1423 2219 sic

357 2260 457 2323 δεῖ...
481 2258 675 2341 ἀγωνίζεσθαι
693 2263 756 2344 3,3
781 2265 814 2326 et
837 2260 981 2326 similiter
998 2265 1027 2341 6,
1043 2265 1072 2325 8.
1093 2263 1144 2340 10,
1166 2264 1184 2323 3
1201 2260 1242 2325 al.
1265 2266 1341 2343 post
1363 2261 1423 2325 ἔστι

355 2367 405 2431 ιο]
427 2363 482 2431 oba
504 2367 563 2431 έσπι
587 2371 617 2450 3,
636 2369 687 2450 14,
707 2370 755 2430 15.
779 2370 881 2448 4,11.
909 2371 959 2452 14,
977 2371 1008 2450 4,
1038 2367 1094 2433 scd
1117 2366 1213 2432 index
1235 2369 1423 2452 inspiciatur

356 2495 382 2539 s.
398 2496 426 2539 v.
444 2470 509 2559 ειμι.
544 2473 590 2538 sic
606 2474 703 2538 ctiam
724 2479 801 2556 post
824 2472 860 2561 ἦν
884 2473 966 2562 (ἐξῆν
982 2476 1021 2539 ci.
1037 2473 1167 2558 Nauck)
1189 2471 1267 2559 αὐτῷ
1279 2523 1286 2538 .
1300 2524 1326 2538 ..
1343 2472 1422 2548 έξελ-

356 2583 422 2646 δεῖν
436 2583 487 2662 11,
502 2583 553 2643 11.
570 2585 645 2662 ροοι
657 2579 748 2653 ἔξεστι
761 2586 792 2664 8,
804 2586 834 2648 3.
848 2585 901 2664 21,
915 2586 944 2648 3.
969 2581 1113 2648 similiter
1124 2582 1279 2647 locutioni
1291 2580 1422 2655 ἐξουσίαν

356 2688 418 2774 ἔχω
438 2687 615 2753 adhaerent
637 2686 785 2752 infinitivi
809 2710 890 2772 quos
907 2690 1052 2773 congessi
1066 2689 1180 2755 indicis
1195 2689 1423 2755 vocabulorum

356 2817 386 2879 p.
407 2798 459 2862 63.
491 2793 698 2861 memorabile
727 2800 777 2860 est
799 2793 867 2860 ὅταν
891 2845 898 2859 .
921 2845 927 2860 .
950 2845 957 2859 .
978 2808 1018 2881 τῷ
1050 2795 1199 2881 ἀνθρώπῳ
1231 2802 1423 2884 προσγένηται

358 2906 550 2988 (περιγένηται
574 2901 612 2967 ci.
628 2900 757 2987 Nauck)
792 2899 922 2988 εὐχερῶς
945 2906 1118 2987 πορίζεσθαι
1136 2907 1187 2988 34,
1207 2907 1258 2970 12.
1294 2904 1423 2992 διαφέρει

358 3029 428 3073 cum
443 3007 597 3075 infinitivo
621 3010 694 3072 τιδέ
715 3013 768 3073 καὶ
791 3010 920 3099 διαφέρει
935 3009 1039 3097 ἄρχειν
1061 3007 1081 3096 ἢ
1104 3008 1273 3093 ἰδιωιεδεινς
1301 3014 1422 3091 16,12.

359 3118 480 3196 21,10.
514 3119 567 3198 23,
584 3120 615 3180 2.
648 3121 701 3198 27,
719 3120 748 3200 3,
767 3121 796 3184 7.
843 3122 880 3182 ιιι
901 3119 1038 3183 variaret
1067 3119 1265 3200 orationem,
1295 3117 1425 3200 scripsit

360 3226 411 3304 17,
425 3227 444 3286 2
467 3226 492 3285 τι
508 3218 557 3286 οὖν
574 3223 673 3287 διοίσει
688 3245 747 3309 μοι,
771 3220 854 3311 εἰμὴ
875 3223 954 3310 ἄρξω
970 3223 1050 3288 ἀλλὰ
1064 3221 1236 3308 ἰδιωτεῦσαι,
1261 3223 1300 3292 cf.
1319 3229 1371 3308 22,
1389 3228 1420 3288 9.

358 3328 398 3393 de
421 3325 501 3400 εἰκός
515 3351 574 3412 ρει
587 3328 820 3395 Buechelerum
842 3330 977 3397 feliciter
992 3331 1140 3415 suppleto
1157 3331 1228 3396 vide
1244 3335 1297 3412 46,
1311 3336 1342 3397 8.
1373 3331 1422 3395 his

358 3437 466 3501 statim
483 3435 674 3521 subiungam
689 3437 766 3504 talia
783 3439 943 3522 exempla:
971 3442 1021 3521 10,
1036 3443 1055 3503 5
1071 3437 1140 3503 οὐδέ
1156 3450 1262 3520 γνῶναι
1276 3436 1425 3524 ῥαδιέστε-

358 3548 408 3628 ρόν
432 3540 491 3607 έστι
514 3547 624 3626 47,15
648 3543 756 3626 ἄλογον
781 3545 870 3609 δέ...
894 3544 1033 3634 ἡγεῖσθαι
1056 3543 1114 3610 art.

426 3652 520 3717 solito
551 3673 640 3717 more
669 3649 841 3717 infinitivus
872 3654 1046 3718 comitatur
1078 3653 1229 3719 notiones
1259 3651 1424 3736 qualitatis

359 3759 407 3824 vel
439 3758 601 3825 facultatis
634 3760 714 3844 sim,
747 3760 834 3826 velut
866 3761 1014 3825 δινασδαι
1043 3765 1123 3843 4,1.
1157 3763 1257 3844 6,11.
1294 3765 1358 3842 7,7
1383 3759 1422 3825 al.

359 3863 508 3931 ἀδυνατεῖν
525 3871 577 3948 27,
593 3871 622 3930 2.
654 3871 679 3930 τι
702 3864 737 3932 ἂν
760 3865 842 3954 ἔχοις
858 3865 997 3932 ἀντειπεῖν
1015 3871 1045 3951 5,
1060 3873 1077 3931 7
1103 3867 1243 3954 (Krueg.
1262 3869 1314 3949 55,
1333 3871 1363 3950 3,
1380 3869 1422 3951 3).

427 3973 628 4058 coniungitur
650 3972 822 4039 infinitivus
843 3996 915 4040 cum
934 3974 1040 4041 verbis
1055 3975 1239 4059 voluntatis,
1264 3973 1424 4058 cupiendi,

359 4079 482 4147 consilii
498 4080 654 4164 capiendi,
677 4080 841 4149 similibus.
877 4083 923 4146 sic
946 4083 1066 4164 passim
1089 4103 1162 4147 cum
1184 4082 1329 4166 βοιλοραι
1347 4079 1422 4166 (vid.

358 4188 423 4256 ind.
439 4189 532 4272 voc.,)
549 4185 734 4253 οιιιιιέδλω
751 4192 859 4270 3612
880 4189 963 4253 θέλω
981 4192 1079 4273 385,
1096 4193 1146 4254 10.
1181 4187 1326 4252 1nfin11v1
1348 4190 1424 4270 post

359 4292 495 4381 πιέδοριο
518 4294 663 4381 exempla
678 4317 822 4381 congessi
814 4296 951 4362 indicis
974 4320 1004 4381 ρ.
1023 4301 1076 4361 64.
1111 4301 1292 4362 structurae
1315 4298 1423 4379 32,12

467 4558 1226 5220 nli
