3388 5236
790 571 1010 632 ..10-

366 774 468 826 ποτῶν.
515 763 571 828 sed
601 763 763 827 sciendum
795 767 844 826 est
872 763 905 826 in
934 783 1044 827 eorum
1070 761 1241 826 verborum
1266 761 1358 826 classi
1383 761 1435 826 eui

366 880 463 956 πεινῆν
494 875 526 934 et
556 871 641 957 διψῆν
671 869 920 962 adnumerantur
952 891 972 934 a
1000 869 1214 951 grammaticis
1244 890 1310 934 non
1347 867 1434 932 nulla

366 977 501 1060 reperiri
524 999 605 1060 quae
633 977 804 1042 admittant
833 978 928 1042 etiam
957 977 1181 1055 accusativum,
1212 975 1283 1040 vide
1306 975 1433 1058 Krueg.
1487 992 1489 997 ·

367 1087 420 1166 47,
441 1087 482 1148 14
502 1084 575 1150 adn.
602 1089 630 1150 3.
655 1086 687 1151 4.
715 1087 743 1146 5.
784 1089 816 1148 et
840 1083 933 1166 quale
958 1082 1161 1149 obversatum
1183 1081 1280 1147 fuerit
1302 1081 1434 1148 verbum

367 1190 471 1256 Teleti
493 1191 543 1254 vel
565 1189 660 1255 Bioni
683 1211 754 1255 cum
778 1189 933 1255 scriberet
955 1189 1010 1255 illa
1032 1187 1051 1276 ἢ
1081 1201 1165 1273 πεινᾷ
1194 1212 1236 1260 τις
1265 1191 1434 1254 πλακοῦντα

367 1295 437 1379 κτὲ,
461 1297 553 1362 facile
576 1297 763 1380 assequeris,
789 1299 815 1361 si
830 1297 932 1362 vicina
947 1297 1026 1362 haee
1044 1297 1217 1380 perlegeris
1236 1299 1287 1359 καί
1307 1294 1323 1360 ό
1344 1297 1433 1382 διψῶν

367 1401 472 1490 ἥδιστα
500 1408 572 1468 πίνει
601 1407 652 1467 καί
681 1401 787 1490 ἥκιστα
818 1408 849 1467 τὸ
880 1409 922 1490 μῆ
950 1407 1043 1488 παρὸν
1066 1407 1153 1467 ποτόν
1181 1402 1383 1489 όιναμένει;
1413 1401 1433 1489 ἢ

367 1523 450 1594 πεινᾷ
473 1534 515 1582 τις
536 1513 706 1574 πλακοῦντα
729 1509 749 1598 ἢ
774 1511 844 1597 διψᾷ
867 1511 956 1588 Χῖον,
987 1507 1053 1574 ἀλλ’
1077 1507 1110 1574 οδ
1139 1519 1229 1574 ταῦτα
1253 1511 1302 1574 διά
1324 1513 1434 1598 τροφῆν

368 1623 543 1705 ζητοῦσιν
566 1616 736 1701 ἄνθρωποι;
760 1617 800 1682 cf.
826 1615 937 1700 Steph.
961 1618 1044 1685 thes,
1068 1618 1104 1682 Π
1126 1641 1157 1701 p.
1180 1621 1261 1682 1587
1288 1639 1334 1700 sq.

436 1723 500 1789 Sed
531 1725 595 1789 iam
628 1725 827 1808 pervenimus
860 1725 901 1789 ad
932 1725 1175 1807 genetivum.
1223 1724 1263 1789 de
1287 1724 1433 1807 genetivo

368 1832 537 1914 temporali
560 1835 669 1915 δέρους
694 1835 760 1912 5,5
791 1840 841 1893 τοῦ
871 1834 980 1915 θέρους
1012 1835 1078 1912 5,6
1109 1831 1180 1895 vide
1211 1851 1308 1914 supra
1330 1854 1361 1914 p.
1382 1835 1433 1898 12.

435 1938 598 2021 genetivus
611 1937 848 2003 exclamationis
860 1937 979 2021 legitur
993 1937 1212 2003 interiectione
1225 1938 1337 2003 addita
1351 1940 1401 2018 13,
1415 1941 1433 2000 2

369 2043 393 2109 ὢ
416 2056 470 2132 τῆς
492 2050 687 2131 παρανομίας,
712 2047 752 2110 of.
776 2045 900 2129 Krueg.
925 2050 979 2128 47,
998 2051 1027 2126 3,
1046 2051 1076 2109 2.

436 2153 574 2235 genetivi
597 2153 651 2236 qui
667 2158 801 2218 vocatur
824 2153 963 2219 absoluti
980 2153 1111 2239 (Krueg
1137 2156 1190 2234 47,
1207 2153 1242 2236 4)
1258 2150 1433 2234 adferatur,

369 2264 406 2323 ut
439 2259 502 2324 alia
533 2281 616 2324 nunc
640 2261 843 2340 omittantur,
873 2260 1050 2344 exemplum
1080 2260 1157 2324 hoc:
1191 2262 1233 2322 43
1241 2263 1286 2341 ,6
1310 2256 1350 2323 ὧν
1378 2263 1434 2343 γάρ

369 2363 556 2451 ὑπαρξάντων
580 2366 732 2451 ἄνθρωποι
755 2368 920 2443 λυποῦνται,
950 2367 1007 2431 sed
1037 2368 1144 2450 pergit
1172 2367 1310 2448 scriptor
1337 2366 1435 2449 parti-

370 2474 453 2556 cipio
479 2474 649 2540 coniuncto
674 2495 749 2538 usus
773 2477 879 2538 coitur
902 2473 931 2538 ἐν
954 2475 1118 2558 προσδοκίᾷ
1141 2478 1287 2559 γενόμενοι
1311 2477 1435 2561 φοβοῦν-

370 2603 415 2643 ται
445 2578 503 2644 κτὲ.
550 2581 599 2645 sui
628 2579 665 2645 fit
695 2581 773 2644 iuris
804 2581 976 2664 genetivuS,
1013 2602 1205 2664 quamquam
1234 2580 1435 2664 participium

370 2688 466 2753 etiam
483 2688 601 2771 dativo,
619 2689 720 2771 quiin
737 2687 848 2754 eodem
864 2689 981 2772 legitur
997 2689 1172 2769 enuntiato,
1194 2686 1269 2752 addi
1284 2692 1436 2770 potuerat

372 2799 423 2877 15,
439 2799 456 2858 5
481 2793 500 2882 ἢ
522 2793 556 2859 ori
576 2797 698 2867 πολλοῖς
718 2793 810 2884 ὤφθη
832 2799 868 2858 τὰ
887 2801 1046 2882 πράγματα
1065 2798 1143 2858 κατὰ
1163 2799 1214 2881 τῆν
1229 2805 1285 2858 τῶν
1300 2795 1435 2859 τοιοότων

369 2901 489 2988 ὕπαρξιν
513 2901 722 2993 ἐπιφανέστερα
745 2908 882 2985 γεγονότα
906 2904 1042 2992 φογάδων
1058 2907 1231 2989 γενομένων;
1254 2901 1435 2967 liberiorem

369 3011 452 3076 hane
476 3013 623 3096 syntaxin
646 3011 786 3075 illustrat
809 3011 961 3093 Krueger
983 3015 1037 3093 47,
1054 3014 1086 3092 4,
1104 3015 1133 3077 2.

437 3119 601 3201 genetivus
632 3117 751 3201 pendet
781 3118 821 3183 ab
852 3118 978 3183 articuli
1009 3139 1124 3201 genere
1151 3122 1266 3182 neutro
1297 3116 1434 3202 (Krueg.

370 3229 471 3306 47,5,
493 3227 545 3309 10)
569 3229 659 3308 6,15
683 3230 719 3289 τά
743 3235 792 3289 τοῦ
815 3231 891 3308 νέοο,
915 3225 1058 3290 similiter
1082 3229 1134 3307 25,
1154 3228 1181 3290 5.
1211 3228 1261 3307 14,
1281 3230 1309 3288 7.
1333 3227 1386 3305 48,
1405 3229 1434 3288 2.

436 3330 591 3397 infinitivo
622 3332 756 3397 subiecti
786 3333 853 3397 vice
883 3331 1028 3414 fungenti
1059 3321 1188 3396 additur
1217 3331 1381 3414 genetivus
1404 3332 1436 3395 in

370 3439 419 3502 his
445 3442 496 3522 33,
515 3443 531 3501 7
557 3451 597 3523 τᾷ)
621 3437 678 3503 όντι
702 3444 778 3525 μέγα
801 3443 851 3502 καὶ
875 3437 1026 3521 ἀξιόλογον
1049 3443 1099 3502 καί
1121 3444 1219 3526 πῆρας
1242 3441 1293 3500 καί
1316 3441 1436 3523 δέρμων

370 3550 421 3610 καί
448 3548 587 3632 λαχάνων
614 3550 665 3609 καί
694 3543 801 3618 ὕδατος
826 3550 907 3629 <τδ>
933 3547 1059 3633 μηδενὸς
1091 3549 1246 3634 φροντίζειν
1276 3542 1343 3608 ἀλλ’
1366 3543 1437 3609 εἶναι

371 3653 544 3718 άδωπεοτον
578 3657 629 3717 καί
662 3652 869 3717 ἀκολάκευτον,
916 3652 955 3718 ci.
979 3653 1104 3736 Krueg.
1128 3657 1182 3735 47,
1200 3657 1230 3733 6,
1248 3657 1276 3716 8.
1323 3652 1363 3716 de
1390 3653 1436 3716 in-

371 3760 506 3827 serendo
542 3761 677 3826 articulo
715 3761 786 3825 vide
824 3782 907 3844 quae
943 3760 1079 3825 monebo
1112 3761 1204 3825 infra.
1244 3759 1344 3824 άκοόω
1378 3759 1438 3824 sibi

371 3868 510 3933 adsumit
543 3868 722 3949 genetivum
752 3869 798 3932 rei
829 3871 879 3948 la,
900 3871 937 3930 11
967 3865 1067 3929 ἀκοόω
1098 3864 1195 3950 ὥσπερ
1223 3871 1316 3954 χηνός
1346 3870 1435 3946 5,12

371 3986 471 4064 φωνῆς
494 3973 655 4061 ἀκηκοέναι
677 3978 785 4046 κακίας
808 3972 913 4060 ἑαοτῆν
936 3971 1116 4060 αἰτιωμένης.

437 4081 612 4168 ἐπιμέλομαι
633 4087 666 4146 et
681 4085 821 4169 φροντίζω
845 4103 917 4145 oum
933 4103 1012 4164 puro
1031 4101 1107 4144 casu
1122 4081 1224 4165 iungit
1239 4079 1333 4146 Teles
1349 4085 1402 4163 46,
1420 4085 1432 4144 1

371 4202 426 4256 τῶν
449 4191 557 4253 λοιπῶν
581 4186 789 4275 ἐπιμελόμενος
808 4193 858 4269 la,
877 4193 896 4252 3
917 4187 1056 4274 κάκείνης
1070 4191 1188 4274 βοὼοης
1205 4184 1259 4251 οὐκ
1275 4185 1436 4276 ἐφρόντιζεν

373 4303 424 4379 33,
442 4301 461 4360 8
486 4299 517 4360 τὸ
540 4296 667 4384 μηδενὸς
690 4299 854 4384 φροντίζειν,
877 4294 1148 4378 praepositionem
1163 4294 1254 4360 addit
1269 4297 1334 4377 περί
1351 4298 1403 4375 36,
1418 4298 1436 4358 2

589 4834 1277 5212 nli
