3388 5236
687 537 906 597 ..17-

261 729 401 794 laeditur
425 729 569 813 exemplo
592 729 666 797 hoc:
691 726 872 815 Ἱππομέδων
896 727 1165 816 ὁΛακεδαιμόνιος
1186 727 1266 795 ὁνυν
1282 728 1328 794 ἐπὶ

261 835 384 923 Θράκης
406 839 630 922 καθεσταμένος
652 834 708 900 υπὸ
724 835 921 922 Πτολεμαίου,
946 835 1140 924 Χρεμωνίδης
1162 840 1214 902 καὶ
1230 836 1254 902 Γ
1254 840 1329 902 λαυ-

259 964 319 1007 unu
343 940 376 1007 οἱ
398 941 590 1030 Ἀθηναῖοι
613 939 647 1007 od
671 944 811 1028 πάρεδροι
835 946 887 1008 καί
909 945 1082 1030 σι’)μβουλοι;
1110 945 1160 1026 16,
1176 947 1207 1012 4.
1254 965 1328 1010 nam

260 1050 431 1116 articulum
454 1050 554 1117 habet
576 1051 737 1135 appositio
760 1055 797 1116 ut
813 1049 1043 1118 Chremonides
1068 1056 1100 1116 et
1115 1050 1242 1118 Glauco
1265 1051 1327 1118 dis·

257 1158 447 1241 tinguantur
469 1158 509 1223 ab
533 1158 797 1242 Hippomedonta
820 1157 1079 1226 Lacedaemonio
1107 1164 1205 1242 atque
1228 1160 1325 1225 deno-

257 1269 369 1330 tentur
379 1264 596 1332 Athenienses
612 1272 777 1348 tamquam
790 1265 936 1332 omnibus
952 1266 1021 1330 noti
1033 1265 1169 1350 (Krueg.
1185 1269 1237 1350 50,
1245 1271 1262 1329 7
1265 1267 1325 1352 ,8).

257 1392 317 1436 nec
362 1372 463 1455 magis
506 1372 580 1438 huic
632 1371 848 1439 observationi
891 1373 1000 1458 (quam
1039 1372 1164 1438 Hensio
1208 1373 1326 1460 debeo)

256 1478 445 1545 adversatur
478 1479 566 1562 quod
596 1479 649 1545 ille
682 1479 811 1546 admisit
844 1484 902 1562 23,
927 1484 966 1543 11
999 1477 1027 1544 σί
1059 1480 1091 1543 δὲ
1117 1478 1321 1564 <Αίγίιπτιοι>

255 1587 496 1658 σκελετείισαντες
511 1584 570 1650 κτὲ.
596 1608 669 1652 nam
684 1587 753 1670 ipse
769 1593 879 1653 monet
893 1586 1091 1672 probabilius
1107 1608 1177 1652 esse
1193 1587 1322 1673 Acgyp-

256 1695 375 1760 tiorum
404 1695 598 1761 mentionem
627 1695 691 1760 iam
721 1693 840 1761 factam
871 1715 940 1762 esse
973 1695 1017 1761 eis
1048 1716 1130 1779 quae
1159 1696 1323 1779 perierunt

253 1807 327 1866 ante
355 1806 406 1867 καί
433 1800 520 1890 ἡμεῖς
544 1802 614 1888 (23,
634 1802 703 1888 10),
735 1808 771 1868 ut
795 1802 1047 1870 subaudiendum
1070 1803 1179 1886 potius
1203 1803 1244 1868 sit
1268 1825 1321 1870 vo-

254 1908 402 1974 cabulum
429 1907 589 1990 Αἰγυπτιοι.
635 1911 738 1974 minus
769 1910 936 1976 commode
966 1909 1100 1976 iudicari
1129 1911 1249 1992 poterit
1281 1911 1321 1977 de

252 2016 404 2099 singulari
432 2017 498 2082 eius
522 2016 610 2082 modi
633 2017 797 2082 nominum
820 2038 963 2100 numere,
992 2017 1067 2099 quia
1095 2022 1127 2083 et
1154 2014 1320 2105 Ἀθηναῖος

254 2127 342 2206 32,9
375 2129 407 2188 et
436 2123 517 2189 haec
547 2121 590 2187 dn
613 2122 784 2211 Κυθήριος,
812 2121 855 2188 ὅτι
878 2123 1040 2200 Μυκόνιος,
1069 2121 1113 2188 ὅτι
1136 2122 1319 2212 Βελβινείπγς

251 2230 428 2312 praedicati
450 2231 558 2296 locum
581 2235 702 2296 tenent.
738 2230 795 2297 sed
817 2230 965 2315 leguntur
981 2231 1048 2296 sine
1071 2231 1207 2296 articulo
1232 2236 1317 2313 27,8

250 2334 271 2421 ἢ
287 2333 436 2422 Αἰγυπτίῳ
451 2338 525 2401 κίινα
537 2334 557 2421 ἢ
568 2334 697 2424 Ἕλληνι
712 2341 829 2422 κρανίον
845 2336 1013 2422 ἀνθρώπου.
1038 2343 1152 2404 contra
1167 2337 1319 2404 Lacaena

249 2443 365 2510 nobilis
389 2445 434 2509 sic
458 2444 663 2527 distinguitur
683 2448 735 2509 καὶ
752 2442 848 2532 ἐκείνη
869 2445 901 2508 δὲ
917 2446 1003 2509 πάλιν
1019 2443 1039 2533 ἡ
1055 2443 1196 2510 Λάκαινα
1217 2448 1316 2528 45,1,

249 2572 308 2616 nec
337 2551 479 2616 dissimili
506 2551 604 2618 modo
634 2551 751 2617 dicitur
780 2550 955 2636 Λυσάνδρου
988 2560 1037 2615 τοῦ
1065 2549 1247 2637 Σπαρτιάτου
1275 2556 1317 2624 τίς

248 2655 428 2745 ἐντιμότερος
451 2656 510 2722 κτὲ.
535 2664 587 2742 37,
604 2663 635 2725 4.

314 2764 467 2851 ἄνθρωποι
495 2768 562 2832 sine
586 2766 722 2832 articulo
747 2765 841 2832 Tales
870 2765 975 2834 dicere
1002 2765 1086 2832 solet
1114 2766 1166 2852 (cf.
1188 2765 1314 2850 Krueg.

248 2877 300 2956 50,
319 2878 348 2956 3,
366 2875 401 2961 6)
429 2875 462 2938 in
490 2874 657 2940 sententiis
682 2874 748 2938 his:
781 2878 868 2956 1,13
896 2877 947 2938 καὶ
970 2878 996 2938 τί
1018 2896 1087 2937 ποτε
1110 2871 1157 2937 ἐπί
1179 2885 1235 2940 τῶν
1258 2872 1314 2937 ἄλ-

246 2981 305 3045 λων
329 2980 462 3062 ἀγαθῶν,
486 2979 542 3045 ὅσα
567 2982 701 3045 δοκοῦσιν
724 2979 894 3066 άνθρυποι;
919 2985 986 3064 5,3
1011 2978 1077 3044 ἀλλ’
1094 2977 1128 3043 od
1150 2990 1241 3045 ταῦτα
1265 2981 1313 3044 διά

245 3093 355 3177 τρυφὴν
378 3093 510 3177 ζητοῦσιν
534 3089 702 3174 dulcorem
725 3095 893 3174 praeterea
913 3088 1059 3156 conferas
1082 3092 1136 3172 42,
1155 3093 1184 3156 3.
1209 3092 1263 3172 43,
1281 3095 1311 3154 6.

247 3217 318 3261 cum
342 3197 477 3264 articulo
501 3204 608 3264 autem
633 3197 801 3264 exhibetur
817 3198 980 3281 genetivus
1003 3197 1171 3281 partitivus
1189 3207 1244 3261 τῶν
1260 3195 1312 3261 άν-

246 3307 375 3388 θράπυυν
398 3304 450 3377 οὓς
473 3310 524 3392 μὲν
547 3312 689 3394 χρήματα
712 3305 789 3392 ἔχειν
813 3304 864 3377 οὓς
888 3305 920 3368 δὲ
943 3311 1081 3393 κτήματα
1106 3307 1228 3386 27,13.

310 3413 436 3479 accedit
459 3414 613 3479 articulus
637 3413 678 3478 ad
701 3413 886 3479 adverbium
913 3416 1019 3496 10,11
1044 3410 1134 3497 ‘decep
1158 3421 1218 3484 τοῖς
1236 3413 1311 3475 πολ-

242 3519 307 3590 λοῖς
331 3520 448 3583 δυναται
465 3569 471 3584 .
488 3570 495 3583 .
512 3570 518 3584 .
535 3518 619 3593 οὗτος
642 3523 693 3584 καὶ
715 3530 776 3592 τοῖς
800 3519 957 3597 ἀνάπαλιν,
986 3519 1041 3585 ubi
1064 3517 1168 3585 Oobet
1190 3517 1310 3584 frustra

242 3627 413 3692 articulum
436 3627 520 3694 inter
541 3634 574 3693 et
597 3627 782 3694 adverbium
805 3625 914 3709 ὀλίγοις
936 3627 1077 3693 inserere
1101 3627 1210 3708 voluit,
1236 3647 1308 3691 cum

243 3731 386 3797 ἀνάπαλιν
420 3730 469 3798 ‘de
504 3734 647 3818 qualibet
682 3734 887 3800 conversione
922 3735 954 3799 in
989 3730 1193 3800 contrarium'
1222 3732 1308 3816 apud

241 3839 455 3906 Aristotelem
476 3848 661 3924 usurpetur.
706 3863 810 3926 neque
838 3841 931 3907 aliter
957 3841 1116 3925 reperitur
1140 3840 1308 3924 singularis

240 3947 366 4013 articuli
395 3952 427 4011 τό
458 3947 512 4034 (ci.
536 3948 662 4032 Krueg.
688 3953 740 4032 50,
763 3952 792 4031 5,
817 3950 870 4034 10)
897 3949 929 4012 in
952 3949 1001 4012 his
1028 3951 1080 4012 καί
1106 3945 1147 4019 είς
1174 3950 1206 4011 τὸ
1233 3969 1307 4031 προ-

240 4065 335 4141 σηνῶς
358 4059 410 4118 καί
432 4053 472 4126 εἰς
495 4059 527 4119 τὸ
551 4054 680 4137 ὑγιεινῶς
703 4058 828 4138 40,14.

307 4168 533 4228 enumerentur
549 4163 715 4245 dictiones
739 4162 849 4246 quales
872 4163 933 4227 hae
957 4167 1045 4227 sunt:
1073 4165 1157 4244 lus
1180 4164 1217 4224 τά
1231 4157 1305 4224 καθ’

1092 4288 1109 4339 2
