3388 5236
761 589 980 648 ..33-

338 780 488 847 aT'elete
512 800 685 864 anonymus
708 779 761 846 ille
784 782 849 862 περὶ
872 782 1050 862 συγκρίσεως
1073 778 1200 843 πλοίαοο
1224 779 1275 840 καί
1299 775 1406 864 ἀρετῆς

336 886 435 954 libelli
459 891 582 954 auctor.
618 886 698 951 dixit
720 887 780 951 σὺν
803 882 881 970 αὐτῷ
906 881 932 948 δ’
954 881 1076 948 ἐδόκουν
1099 883 1290 948 ἀπόλλυσθαι
1311 882 1404 949 Stob.

198 1033 203 1044 ‹
337 995 408 1062 flor.
424 994 484 1061 vol.
501 994 557 1060 ΙΠ
576 1016 606 1078 p.
628 998 700 1075 178,
721 997 760 1058 16
777 992 878 1058 Mein.
895 991 962 1076 ipse
979 991 1074 1058 Telos
1097 993 1148 1058 οὑν
1163 992 1405 1076 praepositione

341 1123 406 1169 non
429 1101 531 1167 utitur
552 1102 614 1166 nisi
636 1102 668 1166 in
691 1100 796 1166 verbis
820 1099 1016 1183 compositis.

405 1207 466 1273 ἀντί
480 1230 546 1273 non
560 1208 660 1274 habet
671 1207 767 1273 Telos
784 1207 846 1271 nisi
860 1207 893 1271 in
908 1205 1013 1270 verbis
1029 1205 1225 1288 compositis,
1242 1207 1321 1270 item
1337 1204 1404 1270 ἀνά.

405 1319 462 1399 πρό
485 1336 551 1380 non
573 1314 690 1398 legitur
712 1313 797 1397 apud
818 1312 962 1379 Teletem
984 1312 1045 1376 nisi
1067 1311 1123 1378 ubi
1145 1313 1299 1395 temporis
1322 1313 1405 1379 noti·

340 1443 433 1487 onem
456 1421 578 1486 indicat
601 1424 652 1485 ναί
674 1423 730 1505 πρὸ
754 1428 803 1484 τοῦ
831 1424 881 1502 17,
906 1424 926 1483 8
951 1415 1048 1502 ὥσπερ
1071 1422 1129 1503 πρὸ
1152 1427 1201 1482 τοῦ
1227 1422 1280 1503 31,
1304 1425 1323 1484 2
1347 1423 1404 1505 πρὸ

339 1537 389 1593 τοῦ
412 1528 581 1615 τελεοπῆοαι
603 1530 728 1611 45,13.

405 1632 491 1700 ἕνεκα
522 1640 555 1700 et
582 1634 644 1700 hao
671 1634 799 1718 quidem
829 1633 899 1700 sola
926 1633 1030 1700 forma
1056 1633 1154 1700 semel
1177 1638 1283 1700 exstat
1305 1637 1406 1699 robsoo

338 1747 395 1827 γὰρ
418 1741 503 1808 ἕνεκα
526 1744 649 1826 44,14.

406 1849 465 1915 ἀπό
490 1849 632 1916 occurrit
655 1848 752 1915 semel
767 1848 811 1933 (in
826 1847 962 1914 formula
977 1844 1032 1912 oba
1047 1846 1105 1912 ἀπὸ
1122 1853 1230 1935 τρόπον
1244 1898 1250 1912 .
1265 1896 1273 1913 .
1289 1898 1295 1912 .
1312 1850 1405 1931 λέγειν

341 1961 393 2040 37,
410 1959 444 2042 8)
460 1957 546 2040 apud
561 1956 716 2039 Teletem,
741 1960 855 2022 contra
870 1956 972 2022 sexies
996 1954 1082 2038 apud
1106 1977 1296 2041 anonymum
1316 1956 1405 2021 illum

339 2063 437 2130 modo
460 2070 682 2130 memoratum.

406 2169 442 2235 ἐν
462 2170 710 2255 praepositionis
733 2190 809 2234 usus
833 2170 1015 2235 continetur
1036 2170 1122 2236 intra
1145 2169 1333 2236 Atticorum
1360 2170 1405 2235 ‹li-

340 2277 433 2344 oendi
456 2276 727 2343 consuetudinem.
763 2276 907 2360 exempla
934 2277 967 2341 in
989 2275 1094 2342 indice
1118 2299 1186 2345 voo.
1208 2277 1344 2344 collecta
1366 2300 1406 2344 ne

339 2386 456 2450 iterum
472 2383 658 2465 exscribam
674 2384 733 2449 has
749 2404 962 2449 commemoro
978 2383 1131 2451 formulas
1142 2381 1178 2448 ἐν
1189 2384 1305 2448 παιδίον
1323 2387 1373 2465 19,
1386 2390 1405 2448 6

340 2489 370 2564 ἐξ
394 2489 527 2578 ἀνάγκης
552 2493 642 2574 30,4
666 2488 720 2576 (of.
739 2488 942 2556 Schoemann
965 2490 1005 2555 ad
1029 2490 1159 2556 Isaeum
1182 2513 1212 2575 p.
1236 2491 1315 2577 212)
1338 2487 1406 2556 ἀλλ’

340 2595 375 2661 ἐκ
405 2608 460 2663 τῶν
490 2595 623 2662 ἐναντίων
653 2600 707 2680 44,
730 2601 760 2662 9.
796 2596 894 2662 verba
922 2594 954 2670 ἐξ
983 2594 1100 2686 ἐφήβων
1129 2596 1190 2661 ἐστί
1221 2603 1309 2682 32,2
1341 2620 1404 2682 quo

339 2703 435 2770 modo
458 2703 675 2788 intellegenda
697 2705 760 2770 sint
783 2705 943 2770 indicatur
964 2704 1013 2770 his
1038 2726 1120 2788 quae
1141 2705 1340 2771 subiciuntur
1355 2710 1406 2771 ναί

340 2810 400 2899 ἤδη
423 2810 531 2877 εἴκοσιν
554 2809 634 2876 ἐτῶν.
666 2832 769 2895 neque
793 2811 965 2877 obscurum
989 2817 1037 2878 est
1059 2813 1137 2878 illud
1159 2817 1250 2899 πίνης
1273 2810 1303 2887 ἐξ
1320 2811 1406 2878 εὐπό-

338 2941 391 3002 ροο
414 2922 469 3003 40,
487 2923 517 3000 5,
542 2917 796 2985 subaudiendum
819 2919 907 3003 quod
929 2920 1095 3003 praecedit
1117 2925 1249 3002 γέγονας.

404 3023 446 3096 είς
469 3025 654 3113 (numquam
678 3022 725 3112 ἐς)
748 3026 800 3090 vix
822 3027 925 3091 minus
949 3048 1045 3110 saepe
1067 3026 1239 3094 adhibetur
1260 3028 1293 3093 in
1316 3027 1406 3094 Tele·

337 3132 398 3198 teis
422 3154 518 3216 quam
540 3131 576 3196 ἐκ
599 3153 658 3198 neo
680 3131 746 3198 fere
770 3134 965 3217 exquisitius,
990 3134 1061 3199 vide
1083 3134 1148 3199 ind.
1165 3156 1234 3202 voe.
1254 3134 1341 3200 velut
1363 3157 1404 3201 ne

337 3239 398 3305 hae
429 3240 557 3324 quidem
586 3239 766 3307 locutiones
797 3242 930 3307 δαπανᾶν
957 3239 998 3313 είς
1026 3264 1051 3304 τι
1076 3245 1164 3324 35,8
1192 3250 1288 3307 πονεῖν
1315 3241 1357 3315 εἴς
1380 3265 1406 3306 τι

339 3347 380 3414 ab
404 3346 526 3413 Atticis
557 3347 679 3414 alienae
704 3352 778 3414 sunt
801 3347 855 3431 (of.
875 3347 963 3413 Xen.
984 3370 1111 3432 apomn.
1133 3348 1170 3413 H
1197 3352 1208 3414 l
1215 3397 1224 3432 ,
1247 3353 1287 3414 19
1311 3349 1405 3414 Hier.

339 3455 454 3542 11,1).
488 3455 592 3520 minus
616 3454 769 3521 oonoinne
792 3453 910 3538 legitur
933 3458 1022 3539 34,2
1049 3453 1069 3542 ἡ
1096 3458 1179 3521 πενία
1202 3456 1310 3521 sutus
1332 3460 1406 3540 πρὸς

337 3564 370 3626 τὸ
400 3562 582 3650 φιλοσοφεῖν,
613 3558 630 3626 ὁ
660 3562 692 3625 δὲ
721 3562 847 3634 πλοῦτος
874 3558 916 3634 είς
943 3570 1034 3626 ταῦτα
1057 3568 1217 3650 χρήσιμον,
1248 3563 1304 3628 sed
1334 3562 1405 3630 vide

338 3689 419 3752 quae
443 3669 650 3735 coniecerunt
676 3667 821 3734 homines
845 3667 942 3735 docti.
978 3668 1147 3734 formulam
1170 3665 1221 3742 εἰς
1248 3666 1403 3756 ὕστερον,

338 3796 420 3859 quae
449 3775 568 3860 legitur
595 3780 649 3859 47,
667 3780 701 3860 6,
733 3797 839 3842 raram
868 3796 938 3842 esse
965 3777 997 3841 in
1025 3775 1233 3859 scriptoribus
1259 3776 1404 3859 probatis

338 3881 520 3949 observavit
541 3882 693 3967 Krneger
716 3888 768 3965 66,
789 3886 817 3966 1,
833 3887 865 3948 4.

404 3991 453 4054 διά
483 3991 757 4075 praepositionem
787 3989 979 4056 nonhabet
1006 3989 1067 4054 nisi
1094 3990 1236 4056 iunctam
1260 4011 1331 4055 oum
1354 4012 1405 4056 ao

337 4098 489 4163 cusativo.
524 4098 595 4163 uide
618 4098 684 4163 ind.
701 4119 771 4164 νοο.
788 4097 874 4182 quod
896 4097 1013 4180 legitur
1042 4097 1090 4161 διὰ
1113 4093 1191 4161 ταῦτ’
1214 4093 1289 4161 αὐτοί
1314 4100 1403 4180 34,6

337 4226 397 4288 pro
414 4205 485 4272 solo
501 4202 580 4269 ταῦτ’
596 4202 671 4270 utra
688 4204 741 4290 (of.
758 4204 881 4291 Krueg.
898 4210 952 4289 46,
971 4210 1000 4290 3,
1017 4207 1054 4294 4)
1069 4205 1102 4270 id
1118 4226 1183 4271 non
1206 4207 1320 4272 mirum
1344 4211 1403 4288 est,

336 4331 412 4377 nam
433 4312 597 4399 praeeedit
618 4312 662 4379 ib.
685 4316 703 4376 3
732 4309 768 4377 δι’
796 4308 931 4397 εὐπορίαν
958 4309 978 4400 ἢ
1007 4309 1044 4376 δι’
1069 4310 1189 4379 ἔνδειαν.
1225 4312 1281 4378 sed
1305 4313 1402 4380 semel
