3388 5236
717 566 913 624 -5-

282 755 455 820 comoedia.
496 754 535 820 de
556 753 720 838 tragoedia
740 753 810 819 vide
826 754 943 820 Nauck
959 755 1000 821 ad
1017 753 1117 839 Soph.
1136 755 1253 821 Trach.
1273 759 1346 820 595.

281 865 447 945 suspectus
463 867 512 927 est
527 860 642 946 Lysiae
665 860 889 943 lucescunt,
910 865 960 926 11.
995 860 1111 945 legitur
1134 861 1236 928 forma
1258 862 1345 945 apud

280 968 486 1051 posteriores,
511 968 597 1033 velut
620 966 705 1052 apud
728 967 898 1053 Polybium
922 966 997 1041 ἐί-
1021 968 1071 1036 [V
1096 973 1126 1051 9,
1145 972 1164 1033 5
1187 970 1347 1053 apocabat-

280 1077 388 1139 σεσθαι
403 1075 495 1140 XXI
514 1078 550 1139 11
555 1123 564 1158 ,
578 1079 608 1138 6.
647 1072 686 1141 cf.
704 1073 848 1142 Veitch⁴
868 1098 900 1158 p.
915 1079 989 1159 275,
1013 1074 1068 1141 ubi
1084 1077 1243 1142 omittitur
1257 1074 1346 1141 locus

281 1181 411 1248 Teletis.

346 1291 570 1376 στεμηι96σομαι
594 1287 673 1353 dixit
689 1288 783 1354 Telos
805 1310 899 1355 66666
918 1289 1055 1372 passivo,
1079 1310 1144 1355 666
1167 1295 1346 1377 στερήσομαι

279 1398 404 1479 47,12.

346 1500 488 1568 futurum
504 1502 635 1567 tertium
651 1502 738 1586 quod
755 1502 870 1568 dicitur
885 1503 1041 1569 formatur
1060 1525 1119 1587 per
1142 1503 1256 1590 ἔσομαι,
1280 1524 1344 1569 666

278 1608 375 1676 modo
400 1609 523 1693 generis
547 1608 658 1675 activi:
691 1612 807 1692 39,13
837 1609 918 1674 ἐσται
946 1614 1097 1696 βεβιωκὼς
1126 1613 1223 1693 2,14
1251 1632 1345 1674 κατα-

278 1719 484 1803 κεκλεισμένος
505 1715 571 1800 ἔσῃ.

344 1822 448 1889 forma
479 1823 591 1889 aorisi
621 1819 723 1908 ἐβίωσε
752 1823 870 1907 legitur
901 1829 953 1907 39,
971 1829 1001 1894 9,
1049 1824 1223 1890 admodum
1251 1845 1343 1890 rarus

278 1930 329 1995 hio
357 1931 494 1996 aoristus
526 1928 612 2013 apud
635 1929 781 1995 Atticos:
820 1929 905 1995 Plat.
929 1929 1051 1998 Phaed.
1074 1953 1105 2015 p.
1133 1935 1195 1995 113
1219 1930 1251 1994 D
1274 1934 1345 2015 βιώ-

278 2059 380 2110 σαντες
396 2036 463 2124 (ubi
477 2040 605 2121 βιοῦντες
619 2038 770 2120 proponit
785 2036 939 2120 Hirschig
955 2035 1106 2103 6106661
1128 2061 1159 2102 6.
1176 2036 1196 2102 l.
1214 2061 1245 2121 p.
1264 2037 1342 2121 577)

277 2143 365 2210 Xen.
397 2165 465 2210 666.
494 2142 545 2210 IV
578 2147 618 2207 18
649 2141 673 2206 εί
705 2141 822 2228 ἐβίωσεν
855 2142 894 2231 (εί
923 2142 1027 2229 ἐπεβίω
1062 2144 1099 2209 61.
1130 2142 1236 2211 Cobet
1264 2144 1285 2212 l.
1314 2166 1341 2208 c.

275 2272 309 2334 p.
332 2252 409 2336 576)
440 2272 520 2318 com.
553 2270 649 2320 anon.
677 2272 705 2314 v.
728 2250 780 2318 IV
807 2273 838 2333 p.
862 2255 925 2315 669
949 2249 1048 2316 Μ616.
1079 2260 1178 2316 τοῦτον
1208 2255 1255 2317 τὸν
1282 2255 1342 2336 βίον

277 2357 308 2421 ὃν
330 2355 386 2422 οὐκ
408 2355 520 2443 ἐβίωσε.
555 2363 662 2424 tamen
678 2379 697 2422 a
713 2356 825 2423 Telete
842 2357 903 2442 (vel
927 2379 946 2423 a
969 2355 1196 2440 Oratete1non
1219 2357 1341 2424 abiudi-

277 2464 461 2531 canduerit
491 2465 604 2548 forma,
633 2487 827 2550 quamquam
849 2465 904 2531 illo
928 2487 991 2532 uno
1015 2466 1088 2533 loco
1112 2466 1238 2550 legitur,
1267 2487 1342 2531 nam

276 2573 389 2639 eadem
421 2573 491 2656 plus
523 2573 621 2640 semel
650 2594 726 2638 usus
758 2579 806 2638 661
830 2571 1040 2655 Aristoteles,
1077 2575 1166 2639 cuius
1197 2573 1342 2657 exempla

277 2680 403 2765 collegit
426 2679 541 2746 Bonita
570 2682 603 2745 16
633 2680 738 2746 indice
762 2686 794 2746 61
817 2680 962 2749 Veitoh⁴
984 2703 1016 2764 p.
1041 2684 1103 2745 133
1128 2682 1182 2765 661
1205 2702 1340 2766 comme-

275 2809 402 2853 morare
425 2792 555 2871 poterat
579 2788 675 2852 etiam
699 2787 853 2853 Teletem.
898 2792 1039 2854 ceterum
1063 2787 1150 2872 quod
1173 2789 1206 2853 16
1229 2787 1341 2854 eadem

275 2893 396 2960 'Peletis
418 2895 537 2978 pagina
562 2899 673 2977 39,13
701 2894 999 2979 1661166βεβιωκώς,
1030 2895 1063 2960 id
1086 2894 1205 2960 dictum
1229 2900 1279 2959 est
1302 2917 1341 2960 ex

275 3023 364 3067 more
389 3001 585 3067 Atticorum.

341 3107 476 3173 formam
500 3105 822 3180 εἶπας1161166111161
846 3106 941 3173 SMA
969 3113 1018 3191 18,
1045 3113 1095 3190 11,
1121 3108 1177 3174 sed
1200 3107 1277 3180 εἶπες
1299 3108 1339 3173 L.

274 3215 395 3281 formae
419 3214 497 3281 εἶπον
520 3215 595 3280 εἴποι
618 3212 705 3279 εἰπεῖν
728 3212 857 3288 εἰπόντος
883 3215 1033 3300 leguntur
1054 3216 1087 3280 16
1109 3216 1187 3281 16616
1211 3216 1339 3300 reliquis

274 3345 355 3408 quos
379 3323 500 3407 signavi
522 3324 556 3388 in
578 3322 691 3388 indice.
738 3320 894 3404 ἐνέγκαντα
921 3323 995 3389 libri
1023 3327 1123 3405 9,16,
1152 3323 1208 3388 666
1237 3323 1339 3388 eidem

274 3430 427 3513 ἐνεγκόντα
452 3436 504 3513 10,
521 3434 552 3496 4.
594 3435 701 3495 utrum
724 3431 912 3514 praetulerit
928 3430 1033 3514 Teles,
1058 3430 1197 3496 dubitari
1220 3438 1338 3514 potest.

273 3539 429 3604 librorum
466 3538 500 3603 in
534 3536 652 3604 talibus
687 3559 751 3603 non
785 3537 881 3602 nimia
914 3536 1004 3603 fides.
1057 3559 1095 3604 ex
1130 3559 1176 3621 gr.
1212 3537 1339 3624 εἴποιμεν

273 3645 371 3712 habet
395 3643 568 3710 SStobaei
590 3643 662 3710 flor.
682 3648 732 3727 12,
750 3646 802 3725 24,
826 3643 957 3730 είπαιμεν
979 3643 1052 3710 libri
1075 3644 1221 3710 Platonis
1237 3644 1338 3728 Soph.

273 3775 305 3836 p.
323 3755 387 3817 246
410 3752 455 3816 D.

340 3859 381 3925 de
403 3857 496 3946 ἥκετε
519 3858 624 3924 forma
646 3858 686 3924 cf.
710 3858 822 3944 Meyer
843 3880 895 3942 pr.
910 3858 1078 3940 yronzra.²
1102 3858 1121 3945 §
1139 3863 1202 3923 562
1225 3864 1257 3923 et
1274 3862 1337 3923 563

273 3974 305 4033 61
329 3988 411 4051 6666
434 3966 568 4032 adnotat
591 3965 712 4032 Hense.

338 4095 397 4158 pro
413 4078 570 4162 τετοίφαται
591 4072 668 4138 dicit
684 4073 778 4139 Tales
794 4074 939 4138 nimirum
955 4076 1135 4159 τεθαμμένοι
1150 4070 1219 4139 είσίν
1236 4077 1288 4154 21,
1308 4078 1336 4156 7,

273 4183 312 4248 cf.
336 4181 530 4248 Μ61616111.2
554 4203 584 4265 p.
606 4185 679 4265 131,
696 4185 727 4245 4.

340 4290 468 4376 dignum
497 4295 749 4356 commemoratu
780 4294 828 4355 est
857 4292 1095 4374 καθεσταμένοςε
1130 4292 1217 4369 16,3
1250 4283 1266 4350 ὁ
1289 4295 1337 4350 νῦν
