3388 5236
777 563 995 622 ..23-

350 749 429 836 οιύτῷ
460 751 495 818 ἐκ
518 762 568 817 τοῦ
592 755 801 842 δεσμωτηρίου,
834 751 858 818 εἰ
880 752 1026 838 ἐβοὺλετο,
1059 753 1190 828 ἐξελθεῖν
1216 759 1266 838 11,
1293 760 1345 840 10,
1376 757 1416 826 cf.

349 859 548 944 Krueg.53,
567 864 616 943 10,
635 864 665 925 5.
691 864 743 944 54,
763 864 814 945 10,
834 865 863 928 1.

417 985 638 1051 coniunctivus
661 985 881 1052 adhortativus
899 990 952 1070 13,
969 989 988 1050 5
1013 992 1046 1052 et
1060 987 1307 1072 interrogativus
1323 993 1377 1072 42,
1397 992 1416 1053 5

350 1093 482 1175 ponitur
498 1114 537 1158 ex
553 1093 781 1159 consuetudine
797 1092 996 1160 Atticorum.
1029 1093 1126 1160 verba
1141 1098 1184 1182 μὴ
1199 1091 1284 1158 οὐδὲν
1299 1095 1418 1183 λέγηται

353 1204 406 1283 14,
423 1205 453 1280 6,
479 1199 593 1284 quibus
609 1200 739 1266 verendi
761 1201 850 1266 notio
873 1222 939 1266 non
955 1200 1065 1266 addita
1088 1206 1146 1286 est,
1172 1223 1236 1285 quo
1252 1202 1349 1268 mode
1372 1203 1419 1267 in·

351 1306 534 1391 tellegenda
557 1308 620 1373 sint
643 1307 740 1374 docet
762 1307 886 1391 Krueg.
905 1311 956 1390 54,
974 1313 1004 1390 8,
1025 1312 1075 1373 13.

390 1457 393 1464 ’
417 1456 521 1518 neque
544 1435 577 1499 in
593 1435 726 1518 optativi
742 1440 798 1500 aut
819 1434 999 1518 imperativi
1022 1434 1174 1520 exemplis
1189 1436 1316 1519 repperi
1332 1435 1418 1518 quod

352 1564 425 1608 cum
447 1541 563 1610 Attico
586 1565 647 1608 usu
670 1542 839 1626 discrepet.

416 1666 500 1733 idem
531 1667 617 1734 valet
648 1668 688 1733 de
720 1668 870 1734 membris
901 1669 1098 1734 secundariis
1127 1689 1208 1752 quae
1231 1667 1418 1752 pendente

350 1774 627 1840 coniunctionibus
659 1772 702 1839 ὅτι
730 1775 846 1860 (διότι),
879 1773 937 1852 ὡς,
970 1772 1012 1851 εἰ,
1043 1775 1195 1841 similibus
1227 1772 1343 1859 (ideall
1365 1773 1419 1840 ab·

351 1881 487 1966 hbngige
503 1879 598 1947 sdtze’
613 1881 738 1967 Krueg.
757 1884 810 1964 54,
827 1885 870 1968 6).
903 1882 1092 1948 indicativus
1109 1887 1141 1947 et
1165 1882 1325 1966 optativus
1349 1902 1419 1946 sese

351 1990 514 2073 excipiunt
539 1993 651 2072 13,10
674 1988 851 2055 ἐπυνθάνετο
874 1987 899 2053 εἰ
922 1991 970 2054 διὰ
993 1999 1077 2054 τοῦτο
1100 1986 1156 2053 οὐκ
1178 1987 1281 2074 ἀριστᾷ
1304 1987 1347 2052 ὅτι
1363 2038 1370 2052 .
1386 2037 1419 2054 ..

349 2096 521 2181 καταβάλοι.
555 2096 680 2182 Krueg.
695 2100 746 2179 54,
765 2102 795 2178 6,
814 2102 844 2162 2.
880 2097 937 2163 sed
959 2097 1103 2162 inusitati
1119 2096 1239 2179 aliquid
1261 2097 1346 2162 inest
1368 2095 1417 2161 his

350 2206 443 2285 45,4
466 2201 522 2287 ὅρα
551 2201 575 2268 εἰ
597 2207 648 2267 οιαὶ
671 2215 727 2268 των
750 2201 819 2287 παρ’
841 2201 910 2292 ἡμῖν
938 2227 980 2275 τις
1009 2213 1151 2284 γυναικῶν
1175 2199 1249 2266 τοῦτ’
1272 2199 1308 2267 ἀν
1329 2207 1417 2290 ποιή-

350 2332 433 2386 σειεν,
464 2308 531 2374 ἀλλ’
553 2308 608 2374 οὐκ
631 2309 743 2397 ἀσμένη
774 2309 875 2396 ὄψεται
903 2315 1120 2396 σεσωσμένους
1148 2308 1279 2376 offensio
1311 2314 1419 2375 autem

350 2439 415 2483 nen
440 2438 478 2483 ec
508 2418 659 2501 sentitur,
694 2416 781 2500 qued
805 2416 882 2481 dicit
913 2415 970 2501 ὅρα
999 2414 1023 2480 εἰ
1044 2413 1194 2480 ...τοῦτ’
1216 2415 1251 2480 ἀν
1274 2421 1419 2505 ποιήσειεν

351 2523 439 2610 (nam
455 2525 500 2589 sic
511 2524 687 2608 lequuntur
698 2522 803 2590 Attici
816 2525 877 2589 etsi
887 2524 1001 2606 rarius,
1017 2523 1103 2588 velut
1114 2522 1277 2607 Xenophc
1290 2545 1417 2606 apcmn.

350 2631 367 2697 Ι
387 2635 416 2714 3,
436 2634 454 2694 5
479 2627 534 2694 oba
549 2628 603 2694 οἶδ’
618 2631 702 2704 εἴτις
725 2627 816 2702 οὕτως
832 2629 867 2695 ἀν
883 2627 968 2712 ὀλίγοι
990 2628 1139 2716 ἐργάζοιτο
1154 2627 1212 2694 act.
1237 2630 1277 2696 cf.
1293 2630 1418 2715 Krueg.

352 2741 403 2820 54,
422 2743 452 2822 6,
478 2740 511 2824 6)
528 2738 586 2804 sed
602 2759 651 2821 eo,
675 2737 763 2822 quod
787 2738 892 2823 pergit
908 2736 975 2802 ἀλλ’
989 2735 1044 2801 οὐκ
1060 2736 1173 2826 ἀσμένη
1190 2736 1291 2824 ὄψεται
1306 2760 1419 2802 σεσωσ-

349 2850 463 2934 μένους.
502 2866 601 2930 quare
617 2845 766 2911 Atticum
781 2846 971 2930 scriptorem
995 2845 1189 2928 scripturum
1213 2845 1310 2912 fnisse
1335 2855 1418 2910 τοῦτο

349 2957 463 3042 ποιησει
485 2953 637 3019 iudicavit
657 2952 817 3020 Meineke.
855 2974 965 3019 verum
987 2953 1204 3036 inexspectata
1225 2952 1306 3018 haec
1329 2953 1416 3018 modi

350 3058 494 3144 enallage
517 3059 563 3126 ita
586 3058 718 3126 tollatur
741 3080 812 3125 cnm
834 3060 972 3142 Hensio,
1002 3064 1039 3124 nt
1061 3059 1176 3125 fortius
1200 3060 1415 3144 distinguatur

351 3173 427 3252 pest
456 3172 601 3258 ποιήσειεν
631 3167 744 3251 suique
766 3168 844 3233 iuris
874 3165 952 3232 fiant
975 3167 1072 3233 verba
1093 3167 1242 3250 proxima
1271 3166 1329 3232 sic:
1363 3164 1419 3251 ὅρα

351 3271 375 3340 vl
398 3277 450 3340 καὶ
473 3284 528 3342 τῶν
551 3271 621 3360 παρ’
644 3272 713 3362 ἡμῖν
728 3298 772 3348 τις
789 3285 931 3357 γυναικῶν
947 3271 1023 3339 τοῦτ’
1039 3272 1075 3339 ἀν
1089 3280 1242 3363 ποιήσειεν.
1281 3271 1348 3337 ἀλλ’
1364 3270 1419 3337 οὐκ

350 3379 464 3472 ἀομίνη
497 3379 597 3470 ὄψεται
630 3385 849 3469 σεσωσμένους
883 3382 954 3448 οοΠ.
977 3385 1008 3465 5,
1035 3387 1054 3445 3
1087 3378 1154 3445 ἀλλ’
1186 3378 1220 3444 οἰ)
1249 3390 1340 3445 ταῦτα
1370 3381 1419 3444 διὰ

350 3493 461 3582 τρορην
484 3493 617 3580 ζητοῦσιν
641 3488 808 3576 ἀνθρωτοις

417 3613 639 3682 ccvrsuctudini
655 3613 843 3681 Atticorum
857 3615 953 3698 plane
969 3615 1118 3698 congruit
1139 3613 1220 3679 haec
1237 3619 1418 3678 structurae

351 3721 487 3790 ululatio
513 3725 601 3807 35,7
638 3721 730 3806 λόγων
753 3719 797 3788 ὅτι
820 3719 913 3786 οὐδενὶ
935 3722 1026 3786 πλείω
1059 3720 1163 3803 ἀγαθὰ
1192 3717 1318 3806 ὑπάρχει
1344 3723 1419 3805 πρὸς

350 3831 382 3896 τὸ
416 3829 632 3922 φιλοσοφῆσαι·
663 3829 788 3895 πλοῦτόν
820 3852 851 3893 τε
883 3832 939 3914 γὰρ
971 3828 1104 3893 πλεῖστον
1135 3823 1222 3892 αὐτὸν
1251 3826 1330 3912 ἔχειν
1359 3824 1418 3890 aa

350 3933 411 4002 vid.
437 3933 561 4016 Kruep.
581 3937 632 4021 54,
650 3939 680 4020 6,
699 3939 728 4002 5.

417 4059 583 4128 enuntiate
605 4057 712 4128 finalia
731 4060 884 4145 exscripsi
907 4061 941 4124 in
962 4059 1067 4126 indice
1083 4059 1141 4125 sub
1157 4080 1186 4123 v.
1200 4056 1250 4126 ἵνα
1272 4066 1306 4126 et
1327 4057 1418 4132 ὅπως.

351 4189 447 4236 unum
472 4167 531 4234 boc
554 4167 627 4235 loco
652 4175 764 4254 repete
787 4168 866 4233 illud
886 4165 991 4254 ἵναμὴ
1015 4171 1052 4230 τὰ
1073 4167 1186 4230 παλαιά
1202 4188 1248 4230 σοι
1263 4167 1341 4248 λέγω
1357 4163 1416 4230 art.

353 4278 402 4360 lb,
418 4279 435 4340 5
457 4273 542 4364 qnod
559 4274 731 4362 explicabit
747 4274 870 4359 Krueg.
888 4278 940 4358 54,
959 4279 989 4357 8,
1010 4276 1060 4336 14.
1085 4277 1275 4356 corruptum
1291 4273 1417 4340 videtur

457 4794 693 5180 οἶ
909 4722 1219 5178 'lt
