3398 5230
691 559 914 621 ...67-

267 751 377 817 κλαὶειν
400 753 453 832 46,
473 752 514 816 14
537 752 648 838 θνητάς
663 747 773 832 ἐγένετο
797 753 848 815 καὶ
863 749 1024 837 ἄνθρωπος
1038 754 1091 835 46,
1111 755 1152 817 10
1176 751 1338 839 ἀνδρωδῶς

267 860 318 921 καὶ
331 857 511 943 θαρσαλέως
524 860 575 921 καὶ
589 859 632 944 μή
649 859 763 941 βαρέως
779 862 874 946 ρὲρειν
898 857 953 944 (of.
970 857 1083 925 Hense
1098 859 1181 942 prol.
1197 881 1230 944 p.
1246 859 1337 946 XX)

257 968 321 1046 46,
341 966 380 1028 13
396 970 511 1050 μέτριον
535 959 759 1050 ἐνστενοχωρὶορ
774 966 826 1028 καὶ
849 962 957 1050 ἀπορία
980 967 1023 1053 μὴ
1040 965 1238 1031 δυσκολαίνειν
1259 967 1337 1054 μηδὲ

267 1069 389 1158 ἀβίωτον
412 1073 460 1135 τὸν
483 1073 544 1155 βίον
568 1073 691 1155 νομίζειν
706 1073 761 1154 46,
780 1074 820 1136 16
844 1081 884 1155 τῷ
908 1071 1040 1137 δοκοῦντι
1063 1083 1148 1157 κακῷ
1171 1076 1204 1139 τδ
1228 1073 1336 1139 δοκοῦν

267 1175 383 1259 ἀγαθὸν
405 1175 578 1244 ἀντιτιθέναι
605 1180 657 1240 καὶ
684 1175 796 1251 ἐξισοῦν
819 1181 877 1261 48,
899 1181 921 1244 4
943 1177 1053 1263 ἄνδρα,
1085 1182 1137 1245 καὶ
1168 1176 1202 1244 oi)
1225 1180 1335 1262 βλᾶκα.

265 1285 403 1352 fortusse
425 1285 488 1350 buo
511 1285 672 1352 rettulerit
695 1285 851 1370 quispiam
869 1286 965 1352 etium
980 1286 1044 1352 elis
1067 1285 1194 1352 snobis
1218 1287 1335 1354 omissa

265 1391 351 1459 velut
375 1397 428 1476 38,
447 1396 487 1457 12
511 1391 692 1479 ἀρκοὺρενυς
715 1401 774 1464 τοῖς
797 1401 931 1477 παροῦσι,
961 1404 1017 1459 τῶν
1041 1391 1171 1459 άπάντων
1195 1391 1249 1458 οὐκ
1272 1392 1336 1460 ἐπι-

264 1501 378 1586 θυμῶν,
394 1509 456 1572 τοῖς
468 1502 682 1588 συμβεβηκόσιν
695 1497 728 1564 οὐ
742 1500 937 1585 δυσαρεστῶν,
950 1500 1005 1566 ubi
1020 1500 1110 1566 notio
1127 1500 1224 1568 animi
1238 1501 1335 1568 rebus

266 1607 410 1674 contenti
438 1607 581 1674 varietur
614 1607 789 1690 insigniter.
825 1607 883 1673 sed
911 1608 976 1674 iem
1006 1609 1084 1674 sutis
1115 1608 1156 1674 de
1185 1608 1335 1677 ubertate

266 1713 433 1798 scriptoris
458 1718 491 1778 et
513 1713 720 1798 abundantia,
743 1735 828 1779 nuno
851 1714 1014 1780 videamus
1037 1715 1076 1781 de
1100 1714 1266 1782 brevitate.

331 1841 369 1886 uo
398 1819 538 1886 brevitas
566 1841 604 1886 eo
629 1821 780 1904 cernitur,
812 1821 900 1904 quod
927 1820 1015 1887 baud
1044 1843 1119 1890 raro
1151 1845 1250 1889 unum
1278 1829 1335 1910 eut

264 1927 358 2011 plura
380 1926 537 1996 voeabula
559 1927 720 1994 audiendo
743 1933 827 2010 sunt,
852 1929 940 2013 quod
956 1928 1083 1995 dicendi
1098 1951 1197 2014 genus
1213 1930 1332 2014 ellipsis

264 2032 394 2099 notione
419 2033 686 2118 comprehendere
710 2035 825 2104 solent.
854 2035 952 2118 paulo
980 2035 1168 2102 insolentius
1197 2042 1246 2103 est
1268 2035 1331 2102 boo

264 2139 444 2223 exemplum
460 2141 548 2225 quod
563 2141 680 2225 legitur
698 2146 749 2225 32,
770 2146 824 2209 14:
848 2143 965 2229 πολλῆς
980 2144 1037 2227 (so.
1053 2141 1123 2230 γῆς)
1140 2141 1330 2231 ἐπάρχοντος.

263 2248 320 2314 sed
335 2249 397 2315 iam
410 2247 572 2314 Homerus
588 2255 733 2338 τραφερήν
748 2249 846 2316 habet
862 2255 968 2316 terrae
983 2251 1110 2316 nomine
1124 2272 1190 2317 non
1206 2250 1330 2340 addito.

263 2353 302 2418 oi.
325 2349 498 2440 Lycophio
529 2377 557 2420 ν.
572 2358 638 2421 408
667 2353 769 2420 ἅπασα
792 2353 907 2444 δ’άλγη
931 2356 1043 2430 δέξεται
1058 2361 1240 2443 κωκυμάτων
1263 2358 1284 2426 i.
1302 2378 1329 2422 e.

152 2499 153 2502 =
262 2458 364 2525 ἅπασα
379 2459 398 2550 ἡ
414 2473 452 2550 γῆ
464 2462 633 2546 Hupborio
646 2463 685 2529 fr.
702 2468 743 2528 78
755 2463 855 2532 Mein.
873 2464 1028 2552 ροιταλέυς
1040 2460 1066 2528 δ’
1078 2463 1135 2530 ἀνά
1146 2475 1243 2530 πᾶσαν
1255 2464 1330 2553 άδην

262 2565 389 2656 ἐπάτησε
403 2571 543 2656 κοθόρνῳ
558 2571 579 2637 i.
597 2592 624 2636 e.
647 2581 745 2636 πᾶσαν
760 2580 825 2658 γῆν.
849 2571 927 2636 teliu
943 2571 1074 2654 collegit
1089 2593 1191 2656 nuper
1206 2570 1329 2638 Kaibel

260 2675 373 2740 Herm.
398 2675 510 2744 XXII
532 2699 564 2761 p.
590 2681 651 2743 507
683 2698 818 2743 monens
849 2677 986 2744 fortasse
1016 2677 1113 2744 etism
1143 2676 1331 2744 Callimachi

260 2803 386 2847 versum
407 2783 440 2848 h.
464 2782 538 2849 Del.
564 2788 628 2848 266
652 2789 739 2850 reete
759 2784 918 2850 traditum
942 2805 1021 2850 esse.
1049 2785 1082 2850 in
1104 2785 1328 2868 gubernatoris

261 2893 368 2954 autem
391 2887 478 2954 dieto
502 2893 592 2970 48,3
618 2891 722 2963 καλῶς
745 2895 778 2955 τὸ
801 2899 851 2955 τοῦ
870 2895 1047 2979 κυβερνήτου
1070 2888 1147 2955 “άλλ’
1170 2889 1219 2956 οἷον
1236 2913 1279 2973 γε,
1303 2891 1328 2956 ὦ

261 2993 412 3070 Πόσειδον,
436 2991 540 3083 ὀρθήν’
562 2995 649 3061 baud
673 2995 844 3062 difficulter
859 3001 966 3063 mente
990 2997 1157 3081 suppletur
1176 3001 1227 3085 rip
1250 3007 1328 3076 ναῦν,

260 3121 364 3184 neque
379 3099 477 3168 verbo
491 3121 571 3183 opus
588 3106 658 3168 erat
669 3102 754 3168 unde
765 3102 922 3185 penderet
934 3103 1147 3170 aecusativus:
1165 3109 1327 3188 Neptune,

259 3228 436 3289 κκιωρκαιιι
466 3211 552 3272 boue
578 3229 694 3275 novem
722 3214 792 3275 nisi
813 3220 939 3276 rectam
972 3206 1096 3276 Seneca
1119 3231 1169 3293 ep.
1194 3214 1247 3293 86,
1273 3214 1326 3276 33.

261 3313 300 3379 of.
323 3336 405 3398 quae
429 3315 595 3408 adnotavit
617 3315 740 3381 Hense.

326 3443 477 3514 spurcum
492 3443 610 3488 nomen
626 3422 881 3490 subaudiendum
896 3423 1025 3508 reliquit
1040 3422 1073 3488 in
1089 3422 1137 3488 his
1150 3426 1203 3506 45,
1217 3425 1238 3487 4
1254 3421 1327 3488 δινα-

258 3533 405 3616 συραμένη
421 3532 472 3594 καὶ
487 3527 607 3602 δείξασα
622 3525 728 3601 αὐτοῖς.
752 3529 867 3613 quibus
883 3529 1009 3597 collatis
1025 3527 1077 3618 τὴν
1093 3531 1217 3607 κοιλίαν,
1240 3531 1327 3614 quod

258 3635 381 3702 addunt
402 3635 476 3702 libri
492 3635 729 3701 Ps-Pluterobi
751 3636 906 3721 apophth.
930 3636 1011 3702 Lao.
1035 3659 1067 3720 p.
1086 3639 1149 3702 241
1167 3635 1197 3701 B
1214 3634 1250 3718 γ’,
1274 3636 1327 3704 de·

256 3740 386 3809 lendum
409 3762 478 3808 esse
500 3741 736 3811 intellexerunt.
773 3743 951 3812 subiectum
982 3748 1089 3810 mente
1113 3743 1326 3827 supplendum

258 3854 308 3915 est
331 3852 453 3933 25,13,
478 3849 703 3932 quodnotsvit
726 3849 841 3916 editor.
874 3850 976 3918 multo
993 3855 1100 3916 eutem
1123 3849 1219 3916 latius
1235 3854 1327 3934 petet

257 3955 376 4040 ellipsis
406 3954 540 4022 verbi.
580 3953 683 4041 torio)
712 3957 760 4022 ite
789 3978 885 4040 saepe
919 3957 1078 4023 omittitur
1109 3964 1145 4022 ut
1175 3978 1325 4024 numeros

256 4063 442 4150 apposuisse
472 4064 549 4130 setis
577 4063 727 4130 habeam:
760 4069 868 4147 1,12.
900 4070 934 4148 6,
960 4069 989 4130 6.
1018 4069 1068 4129 13.
1089 4069 1133 4147 Δ8,
1161 4068 1325 4147 14-9,4

255 4172 382 4256 passim.
401 4173 500 4252 1o,e.
519 4175 570 4236 10.
590 4174 640 4253 16,
661 4173 711 4235 11.
732 4174 783 4254 17,
801 4174 853 4238 ιν.
873 4175 923 4254 rs,
942 4174 971 4235 5.
989 4177 1019 4236 o.
1041 4174 1091 4237 14.
1112 4174 1163 4252 19,
1177 4175 1208 4235 9.
1226 4175 1279 4254 ου,
1292 4174 1323 4235 4.

257 4280 309 4360 ων,
328 4280 447 4346 3.5.9.
463 4279 514 4342 10.
533 4280 766 4362 11,1o.29,1.
785 4280 837 4363 31,
850 4280 881 4342 4.
902 4281 953 4343 νυ.
971 4282 1025 4361 32,
1040 4282 1091 4346 12.
1110 4281 1162 4360 us,
1176 4283 1206 4342 7.
1225 4280 1276 4361 34,
1293 4281 1323 4340 3.

1109 4400 1146 4457 ᾗ*
