3398 5230
816 527 1036 589 ,46-

462 717 501 784 de
531 718 808 785 coniunctionibus
831 715 926 804 ὅμως,
955 715 1017 795 ὅτε,
1046 715 1129 795 όταν,
1153 716 1196 783 ὅτι
1219 740 1317 802 supra
1339 720 1458 786 monui.
1494 759 1496 762 -

393 829 523 907 praeter
549 821 593 888 ότι
618 824 808 908 particulam
829 823 948 908 legitur
970 825 1067 889 ctiam
1095 825 1167 889 διότι
1191 829 1279 906 35,2
1308 823 1366 912 οὐχ
1388 823 1460 911 ὁρᾷς

394 932 466 996 διότι
497 935 549 1015 37,
578 938 597 997 9
628 934 720 1014 λέγειν
750 932 831 1008 διότι,
862 931 999 1015 (lenique
1025 935 1076 1013 36,
1107 936 1148 996 10
1171 931 1288 998 ἀιιοόειν
1312 934 1383 998 διότι
1406 933 1460 998 ubi

393 1040 421 1104 si
443 1061 552 1105 verum
583 1039 624 1104 sit
649 1039 733 1115 διότι,
763 1037 899 1104 fortasse
930 1039 1027 1104 etiam
1058 1042 1174 1121 36,13
1202 1042 1253 1103 aut
1282 1040 1352 1104 διότι
1374 1041 1458 1125 (libr.

393 1149 444 1210 aot
476 1143 532 1231 ότι)
564 1145 767 1212 scribendum
801 1166 870 1210 esse
904 1150 1040 1230 propter
1072 1145 1287 1212 membrorum
1321 1146 1459 1230 aequali-

392 1259 494 1319 tatem
515 1258 626 1320 monet
648 1252 771 1320 Hense.
803 1275 879 1319 rara
904 1253 1082 1337 particulae
1106 1253 1177 1317 διότι
1201 1253 1287 1337 apud
1311 1260 1459 1320 oratores

393 1360 538 1444 exempla
573 1365 738 1427 enumerat
766 1358 967 1427 Schoemann
1003 1361 1045 1426 ad
1079 1360 1209 1426 Isaeum
1242 1383 1274 1444 p.
1304 1365 1383 1445 254,
1418 1361 1456 1428 cf.

393 1468 546 1534 Benseler
569 1468 608 1534 de
631 1468 721 1533 hiatu
744 1488 777 1551 p.
803 1470 854 1548 14,
879 1467 979 1532 multa
1002 1467 1089 1551 apud
1105 1466 1315 1534 Aristotelem
1339 1469 1457 1535 Bonita

391 1574 457 1644 ind.
480 1597 513 1659 p.
531 1580 613 1641 200b
630 1580 682 1640 39.
706 1576 739 1640 in
754 1576 855 1640 titulis
871 1573 992 1640 Atticis
1007 1574 1154 1658 exempla
1169 1579 1244 1641 ante
1260 1597 1377 1641 annum
1394 1581 1457 1641 300

392 1705 422 1748 a.
445 1680 522 1749 Ohr.
545 1703 611 1748 non
634 1687 807 1767 suppetunt
829 1682 1031 1769 (Μιιίιιωιδ.2
1046 1704 1080 1766 p.
1098 1685 1173 1765 211,
1198 1682 1265 1769 28).
1283 1683 1383 1748 utitur
1398 1683 1458 1749 hac

392 1790 650 1875 iormaPolybius
659 1796 696 1856 ut
707 1790 988 1857 devitetvocalium
1000 1791 1253 1873 concursionem,
1264 1790 1305 1855 cf.
1314 1790 1459 1856 Kaelker

391 1900 412 1964 l.
437 1920 464 1964 c.
488 1920 520 1982 p.
546 1901 610 1963 243
635 1904 667 1964 et
691 1896 781 1964 Stich
803 1898 825 1962 l.
849 1919 878 1963 o.
901 1921 933 1982 p.
959 1902 1024 1964 204
1048 1919 1095 1981 sq.

459 2006 498 2071 de
526 2005 698 2089 negatione
721 2002 770 2082 οδ,
795 2002 853 2090 οὐχ
880 2002 962 2091 (oripi
987 2026 1052 2071 non
1080 2005 1198 2088 legitur
1221 2006 1282 2071 nisi
1308 2006 1457 2071 inversu

391 2112 586 2178 Philemonis
610 2115 662 2194 31,
676 2112 710 2198 9)
735 2109 803 2175 οὐδὲ
818 2111 889 2177 vide
905 2111 970 2177 ind.
988 2132 1057 2180 voc.
1074 2109 1179 2177 otacus
1199 2133 1264 2177 non
1284 2113 1344 2177 nisi
1360 2114 1457 2178 semel

391 2225 496 2286 exstat
523 2223 643 2303 17,12.

458 2324 507 2393 οὖν
536 2326 713 2411 particulae
742 2348 833 2392 usum
862 2326 1019 2392 rariorem
1048 2347 1147 2410 supra
1178 2326 1307 2392 exhibui
1335 2349 1367 2410 p.
1400 2332 1452 2411 33,

391 2435 431 2500 de
454 2433 633 2500 tritioribus
656 2432 841 2499 consulatur
863 2434 960 2500 index
974 2454 1044 2500 voc.

457 2563 487 2604 τε
504 2589 510 2603 .
530 2589 536 2603 .
556 2593 562 2606 .
586 2544 638 2605 καί
659 2540 835 2625 particulae
858 2540 946 2605 nullo
970 2539 1069 2606 verbo
1093 2540 1285 2623 interposito
1310 2562 1375 2607 non
1398 2541 1458 2606 nisi

391 2647 489 2714 semel
516 2668 550 2713 se
579 2647 741 2731 excipiunt
772 2651 860 2730 12,2
890 2644 1000 2733 ἱλαρῶς
1027 2670 1058 2711 τε
1080 2651 1131 2712 ιιαὶ
1154 2644 1286 2721 εὐκόλως
1308 2647 1361 2732 (oi.
1384 2648 1457 2714 Pla-

390 2756 474 2821 tonis
497 2754 594 2821 verba
617 2754 657 2820 ab
682 2754 804 2820 editore
829 2754 953 2841 citata).
988 2776 1155 2838 perrarum
1184 2754 1247 2820 hoc
1273 2777 1342 2820 esse
1365 2757 1457 2820 utin

390 2862 492 2927 titulis
515 2861 635 2927 Atticis
664 2863 709 2927 sio
736 2862 769 2927 in
798 2861 978 2928 oratoribus
1006 2861 1237 2928 demonstravit
1259 2860 1350 2928 Fuhr
1375 2885 1456 2928 mus.

390 2969 494 3034 Rhen.
511 2967 678 3033 XXXIII
691 2989 722 3051 p.
741 2973 805 3033 578
823 2990 870 3053 sq.
894 2968 1010 3034 horum
1025 2969 1077 3032 vix
1094 2968 1276 3034 dissimilem
1298 2970 1457 3035 rationem

390 3080 520 3141 secutus
544 3081 593 3140 est
615 3075 786 3161 Polybius,
813 3075 884 3141 vide
907 3075 928 3139 l.
950 3096 977 3139 c.
998 3096 1031 3158 p.
1049 3078 1113 3139 582
1137 3075 1210 3143 adn.
1229 3080 1259 3140 2.
1295 3076 1457 3141 seiunctae

389 3183 540 3266 leguntur
561 3181 739 3264 particulae
762 3186 816 3265 46,
834 3187 853 3246 8
879 3181 919 3247 cf.
938 3186 989 3263 33,
1009 3187 1038 3246 6.
1073 3203 1133 3264 per
1155 3188 1247 3246 τὲ...
1269 3187 1301 3246 τὲ
1323 3184 1456 3266 iungun-

389 3296 443 3356 tur
467 3290 530 3356 duo
555 3290 720 3357 enuntiata
744 3294 830 3373 29,4
853 3287 964 3362 ἐκεῖνός
979 3312 1009 3354 τε
1030 3293 1087 3373 γὰρ
1103 3286 1138 3354 διν
1153 3295 1292 3374 πρότερον
1304 3339 1311 3353 .
1324 3339 1350 3355 ..
1375 3291 1457 3374 διαρ-

390 3402 492 3485 ραγεόη
515 3448 522 3462 .
545 3449 584 3466 ..
616 3395 701 3471 οὗτός
732 3420 761 3461 τε
792 3395 847 3462 ota
874 3396 910 3462 ἂν
933 3394 1004 3462 ποθ’
1027 3394 1199 3484 ἱιιανωδεὶη.
1236 3403 1310 3481 post
1332 3399 1457 3463 πλοῦτόν

389 3528 420 3568 τε
449 3508 505 3588 γὰρ
535 3505 668 3568 πλεῖστον
703 3501 792 3569 uicos
820 3504 898 3590 ἔχειν
926 3505 1070 3589 pergitur
1103 3505 1322 3588 neglegentius
1351 3504 1392 3568 ἔτι
1424 3505 1456 3569 δὲ

390 3612 478 3684 δόξαν
500 3608 642 3696 δττάρχειν
663 3607 743 3696 αὐτῷ
768 3615 820 3694 35,
837 3617 868 3676 8.
903 3611 944 3676 of.
961 3610 1084 3694 Krueg.
1103 3615 1156 3695 69,
1175 3615 1226 3695 16,
1244 3617 1274 3676 6.

456 3716 498 3790 ὡς
524 3718 702 3801 particulae
732 3717 878 3801 exempla
899 3719 964 3785 ind.
985 3740 1054 3784 voc.
1077 3717 1213 3784 collecta
1239 3739 1303 3784 non
1327 3723 1377 3784 est
1399 3740 1456 3783 cur

389 3830 544 3909 repetam.
569 3826 656 3909 quod
675 3826 793 3910 legitur
814 3830 877 3908 6,6
899 3823 942 3898 ὡς
957 3823 1072 3909 ἑτέρως,
1094 3847 1153 3909 per
1168 3847 1203 3892 se
1223 3848 1262 3892 nc
1278 3826 1312 3892 id
1328 3826 1454 3909 quidem

389 3933 430 3998 ab
445 3931 631 3998 Atticorum
655 3932 885 3998 consuetudine
909 3934 1045 3998 alienum
1070 3938 1129 3998 est.
1162 3933 1220 3999 sed
1243 3938 1318 4016 apte
1341 3954 1454 4016 nuper-

389 4040 468 4105 rime
492 4039 662 4105 ooniecissc
677 4040 803 4106 videtur
817 4040 943 4106 Hensio
960 4039 1076 4106 Nauck
1092 4037 1143 4104 ἐὰν
1159 4041 1192 4103 δὲ
1208 4037 1301 4112 οὕτως
1324 4037 1455 4128 [ἑτέρως]

390 4146 462 4212 coll.
481 4152 511 4230 9,
530 4152 559 4211 7.
