3398 5230
788 537 1006 598 ..64-

363 729 404 794 sit
430 750 489 796 nec
516 727 713 812 Euripideis,
740 728 774 792 in
803 729 890 794 avari
918 749 989 793 cum
1017 727 1157 795 Tantalo
1187 729 1428 812 comparatione

361 858 394 920 p.
422 838 474 919 25,
500 840 519 899 5
550 855 620 919 sqq.
645 856 710 901 non
742 835 839 901 modo
871 835 1009 902 Homeri
1042 855 1150 900 versus
1183 835 1328 902 adfertur
1361 837 1428 908 τοὺς

363 938 501 1029 δ’δίντμας
523 939 662 1028 ῥίπτασκε
685 945 751 1007 ποτί
772 947 862 1031 νὲφεα
885 946 1018 1007 σκιόεντα
1041 943 1098 1008 sed
1127 964 1201 1008 mox
1230 943 1277 1008 ita
1299 948 1428 1010 tenetur

363 1055 399 1115 ut
422 1047 562 1134 ῥίπτασκε
585 1049 716 1115 verbum
739 1050 856 1134 inipso
872 1049 1042 1116 verborum
1066 1055 1220 1116 contextu
1236 1072 1256 1116 a
1271 1051 1428 1134 scriptore

362 1157 497 1223 iteretur
519 1153 611 1229 οὕτως
639 1154 719 1222 ἐνίων
747 1155 767 1245 ἡ
795 1155 986 1242 ἀνελευθερία
1013 1160 1064 1220 καί
1092 1157 1278 1222 δυσελπιστία
1306 1161 1357 1221 καί
1380 1161 1428 1221 τδν

363 1261 437 1329 οἶνον
466 1267 519 1328 καί
548 1267 595 1329 τὸν
625 1273 701 1330 σῖτον
731 1267 782 1329 καί
813 1268 865 1352 τὴν
896 1262 1015 1348 ὀπώραν
1045 1262 1248 1350 ῥίπτασκεν,
1281 1262 1315 1329 ob
1348 1268 1428 1328 πατί

362 1375 471 1459 νέφεα
493 1368 562 1435 ἀλλ’
583 1371 604 1434 ἃ
628 1375 679 1458 μὲν
702 1368 744 1444 είς
766 1375 818 1459 τὴν
841 1370 951 1457 ἀγορὰν
973 1371 994 1434 ἃ
1018 1372 1050 1435 δὲ
1065 1369 1107 1444 είς
1129 1375 1161 1438 τὸ
1184 1373 1346 1460 καπηλεῖον
1369 1369 1427 1436 art.

363 1479 457 1544 simili
480 1480 604 1546 ratione
627 1501 660 1562 p.
683 1482 736 1562 41,
760 1484 778 1544 3
802 1501 895 1544 versu
911 1479 1088 1562 Euripideo
1111 1490 1205 1568 τραφῇ
1229 1481 1261 1544 δὲ
1284 1504 1327 1546 τα
1354 1482 1428 1544 πολ-

361 1586 421 1651 λῶν
445 1584 568 1650 ἐδεστῶν
591 1589 731 1674 μηχανὰς
753 1588 921 1673 δηρείομεν
937 1586 1064 1670 prolato
1080 1586 1126 1651 sio
1142 1587 1290 1669 procedit
1306 1588 1425 1653 oratio:

362 1696 413 1758 καί
435 1689 469 1757 ob
493 1699 580 1780 μόνον
604 1691 737 1769 ἐδεστῶν,
763 1691 842 1757 ἀλλὰ
865 1696 917 1756 καί
940 1689 1109 1781 ὀσφραντῶν
1132 1697 1182 1757 καί
1205 1692 1367 1771 ἀκοσστῶν,
1391 1699 1428 1759 ut

363 1800 459 1867 etiam
488 1801 550 1866 hoc
579 1800 653 1867 loco
683 1799 786 1865 forma
816 1799 942 1865 dicendi
973 1821 1036 1883 qua
1064 1806 1163 1885 poeta
1190 1823 1266 1866 usus
1297 1805 1366 1867 erat
1396 1807 1428 1866 et

361 1907 589 1974 vocabulomm
619 1907 831 1973 conformatio
860 1912 987 1973 servata
1015 1908 1067 1973 sit.
1106 1907 1163 1973 sed
1191 1906 1271 1973 baec
1300 1907 1428 1992 quidem

361 2014 527 2081 hactenus.

428 2121 544 2212 Restat
567 2125 603 2185 ut
626 2119 747 2203 aliquid
770 2120 910 2186 addatur
933 2121 973 2187 de
996 2120 1071 2186 stilo
1092 2120 1213 2187 Teletis
1237 2121 1332 2188 etde
1357 2143 1426 2189 ora-

362 2229 450 2294 tione
472 2228 586 2295 horum
610 2248 792 2294 sermonum
814 2228 978 2311 peculiari.
1013 2250 1051 2294 ac
1067 2229 1154 2312 quod
1169 2229 1266 2295 modo
1285 2230 1329 2294 eis
1346 2251 1427 2312 quae

362 2336 402 2402 de
426 2337 520 2420 copia
541 2334 712 2401 verbomm
736 2335 970 2402 observavimus
993 2335 1188 2401 intellectum
1213 2340 1263 2400 est
1279 2337 1357 2401 varii
1377 2358 1427 2402 co·

361 2443 439 2509 loris
470 2464 540 2509 esse
570 2464 652 2527 quae
682 2436 873 2526 conscripsit
902 2443 996 2508 'l'eles
1028 2448 1061 2508 et
1090 2442 1311 2526 multiformia,
1343 2443 1427 2509 idem

363 2549 447 2615 valet
470 2549 509 2615 de
533 2551 680 2616 uniuersa
703 2533 858 2616 oratione.
893 2572 953 2616 nec
975 2549 1144 2615 mirabitur
1164 2550 1226 2615 hoo
1249 2549 1303 2632 qui
1320 2549 1427 2614 memi-

362 2657 447 2723 nerit
469 2678 535 2723 non
557 2657 664 2741 noina,
693 2657 750 2723 sed
778 2657 988 2741 complurium
1016 2658 1207 2741 scriptorum
1235 2656 1368 2740 vestigia
1394 2658 1427 2722 in

361 2763 411 2830 his
427 2764 663 2831 commentariis
680 2764 886 2849 deprehendi,
909 2764 995 2830 velut
1010 2764 1167 2847 Platonis,
1184 2763 1427 2846 Xenophontis

363 2868 532 2956 stilponis,
556 2869 713 2954 Cratetis,
737 2871 859 2953 Bionis,
884 2872 944 2937 etsi
967 2870 1103 2936 Bionem
1127 2870 1230 2936 solum
1254 2875 1286 2935 et
1310 2867 1427 2953 Stilpo·

361 2999 434 3043 nem
450 2978 544 3044 Telos
568 2979 683 3044 adierit
704 2979 784 3062 ipse.
812 2978 949 3062 denique
971 2999 1037 3043 non
1060 2978 1146 3043 omni
1160 2978 1338 3043 mutatione
1354 2976 1425 3042 abs-

361 3087 457 3152 tinuit
485 3087 686 3170 epitomator.
715 3086 840 3153 accedit
870 3108 945 3153 vero
973 3086 1061 3170 quod
1087 3086 1250 3170 perspexit
1271 3085 1427 3151 Wilamo·

361 3193 431 3260 witz
457 3192 571 3259 horum
595 3213 776 3260 sermonum
799 3214 904 3258 veram
932 3199 1078 3259 naturam
1109 3198 1141 3259 et
1165 3192 1428 3276 compositionem

360 3301 502 3385 intellegi
530 3302 581 3366 vix
610 3322 705 3384 posse
736 3302 797 3366 nisi
829 3301 922 3366 simul
951 3301 1155 3384 intellegatur
1185 3301 1339 3384 originem
1372 3321 1427 3365 eos

361 3410 534 3492 sumpsisse
562 3414 594 3475 et
622 3409 714 3491 quasi
741 3407 897 3475 conflatos
929 3428 998 3474 esse
1027 3430 1066 3474 ex
1094 3408 1223 3491 dialogo
1251 3413 1284 3473 et
1312 3428 1427 3491 genere

362 3515 625 3584 demonstrativo.
650 3515 737 3598 quod
761 3521 798 3581 ut
821 3516 1002 3582 accuratius
1025 3515 1173 3599 persequi
1196 3515 1346 3580 hocloco
1363 3536 1428 3580 uon

360 3644 465 3688 meum
491 3623 583 3701 duco,
608 3623 655 3690 ita
677 3644 742 3689 non
765 3644 847 3706 nego
870 3623 977 3707 magni
1000 3623 1151 3688 momenti
1174 3642 1243 3688 esse
1259 3622 1301 3687 ad
1316 3621 1427 3686 Bionis

361 3726 544 3814 Teletisque
558 3730 768 3796 diatribarum
779 3730 919 3798 indolem
934 3729 1196 3814 pernoscendam.
1220 3729 1319 3794 habes
1330 3729 1428 3813 igitur

360 3836 521 3904 hominem
544 3858 616 3903 cum
645 3836 721 3904 ficto
748 3837 945 3920 adversario,
974 3837 1062 3902 cuius
1087 3856 1193 3902 mores
1216 3834 1265 3901 vel
1287 3857 1428 3918 persona

361 3964 425 4011 non
453 3949 602 4011 accurate
630 3944 854 4012 describantur
877 3965 936 4010 nec
962 3943 1061 4010 verba
1086 3942 1153 4010 iere
1181 3943 1429 4026 interponantur

361 4052 422 4118 nisi
443 4052 591 4136 paucula,
615 4051 812 4119 familiariter
835 4052 1079 4136 colloquentem,
1108 4054 1145 4114 ut
1172 4055 1281 4114 tamen
1309 4048 1428 4132 dialogi

362 4158 497 4225 subinde
526 4158 644 4224 oblitus
669 4181 736 4224 rem
760 4160 800 4225 de
823 4181 888 4244 qua
910 4159 1016 4242 agitur
1039 4158 1134 4222 etiam
1157 4155 1277 4221 fusiore
1301 4156 1426 4239 exposi-

361 4265 447 4330 tione
460 4265 604 4350 explicet.
621 4267 815 4352 incomptior
826 4267 923 4351 igitur
933 4265 1121 4349 plerumque
1133 4262 1235 4328 oratio
1247 4267 1280 4327 et
1293 4262 1425 4346 simplex
