3388 5236
700 560 919 620 ..23-

278 754 329 833 52,
348 756 378 832 2,
396 751 430 836 2)
454 748 591 822 ἀσθενῶς
612 749 722 836 ἔχοντα
748 755 777 832 7,
795 755 814 814 2
841 749 914 822 ἴσως
936 751 1043 837 ἔχοντα
1067 755 1135 834 8,2
1159 755 1233 835 πρὸς
1256 758 1347 816 ταῦτά

276 878 341 928 πως
364 855 470 944 ἔχοντα
487 860 549 940 6,9
573 856 628 922 ubi
651 859 725 940 πρὸς
748 865 838 920 ταῦτα
859 856 932 930 ἴσως
955 857 1062 943 ἔχοντα
1086 858 1223 924 oouieoit
1242 857 1344 928 Diels.

278 963 492 1046 compositum
522 967 677 1050 προσέχειν
706 959 792 1028 ‘aoht
815 961 927 1047 gebeu’
959 963 1014 1049 (of.
1039 964 1166 1048 Krueg.
1193 968 1245 1049 52,
1263 970 1293 1048 2,
1311 968 1345 1051 3)

277 1071 368 1153 quasi
399 1070 598 1136 intransitive
632 1070 764 1152 ponitur
797 1076 908 1154 spreto
944 1074 991 1136 τὸν
1025 1080 1091 1136 νοῦν
1124 1071 1344 1139 additamento

279 1180 396 1259 11,12.
423 1179 510 1259 13,4
533 1173 566 1240 οὐ
586 1186 741 1263 προσεῖχεν
762 1177 811 1242 vel
826 1178 859 1242 in
874 1178 939 1242 his:
966 1181 1073 1259 35,1o
1097 1176 1345 1259 ἀναγινώσκοντος

277 1283 309 1346 δὲ
336 1279 424 1347 αὐτοῦ
453 1286 501 1348 τὸν
528 1288 636 1347 σκυτέα
663 1283 722 1372 ἔφη
751 1289 906 1372 προσέχειν
929 1282 993 1371 ἅμα
1016 1282 1169 1370 ῥάπτοντα.
1215 1285 1344 1352 verbum

276 1394 391 1478 στρέρω
415 1389 514 1456 semel
536 1390 733 1456 intransitive
756 1392 899 1474 posuisse
922 1397 1031 1475 potest
1054 1391 1153 1457 videri
1176 1391 1281 1474 (Peles,
1304 1414 1344 1459 ue

277 1496 398 1578 periret
410 1485 702 1580 homoeoteleuton,
718 1502 770 1579 23,
783 1503 802 1562 8
816 1503 945 1587 στρέφων
957 1502 1008 1562 καί
1024 1499 1140 1584 μέλλων
1155 1501 1206 1563 καὶ
1221 1503 1343 1584 τρέμων,

276 1602 331 1668 sed
363 1603 470 1669 neseio
503 1626 544 1670 an
574 1603 827 1669 subaudiendum
856 1605 898 1669 sit
925 1609 957 1669 τὸ
981 1606 1159 1694 ρασκίυλιον.
1204 1604 1343 1674 medium

274 1709 392 1793 legitur
416 1714 504 1791 6,11
529 1713 603 1794 πρὸς
626 1708 722 1775 ἐκεῖνα
745 1714 932 1800 στρέφεσθαι.

341 1815 519 1880 ἀπαλλάττω
535 1818 665 1883 verbum
681 1824 718 1882 ut
733 1818 820 1883 haud
838 1840 913 1885 raro
930 1818 1016 1902 apud
1033 1818 1163 1884 Atticos
1184 1818 1230 1882 sio
1246 1817 1344 1883 semel

279 1923 375 1988 etiam
398 1922 484 2006 apud
508 1923 653 1989 'feletem
675 1925 868 1990 intransitivi
890 1925 953 1989 viru
975 1924 1083 2008 habet,
1110 1930 1147 1989 ut
1170 1923 1235 1990 fere
1258 1924 1344 1990 idem

275 2030 317 2094 sit
346 2034 444 2112 atque
475 2030 649 2096 evadere
680 2027 969 2097 ‘davonkommen'2
1005 2035 1114 2114 17,15
1145 2029 1342 2117 ἠγωνισμένου

274 2141 330 2220 χοίρ
361 2158 430 2200 ποτε
460 2133 548 2200 atreo
578 2141 630 2201 καί
659 2136 872 2225 ἀπηλλαχότος
902 2137 1033 2209 ἀστείως.
1080 2159 1118 2203 ao
1148 2142 1262 2204 notum
1293 2142 1342 2204 est

276 2243 424 2326 quotiens
449 2264 521 2308 oum
543 2242 604 2308 hoc
628 2245 726 2310 verbo
750 2245 922 2328 iungantur
945 2243 1096 2310 adverbia
1122 2244 1209 2309 velut
1239 2255 1342 2316 κακῶς

273 2351 376 2423 καλῶς
398 2351 540 2437 χαλεπῶς
563 2351 626 2416 alia
648 2351 703 2436 (of.
726 2351 850 2435 Krueg.
870 2355 920 2434 52,
939 2356 970 2434 2,
991 2351 1061 2439 11);
1091 2351 1211 2416 dudum
1234 2356 1342 2418 autem

275 2458 406 2540 explosa
421 2463 470 2523 ost
485 2457 765 2524 Franoofiutensis
789 2459 922 2526 editoris
939 2460 1123 2525 coniectura
1146 2457 1258 2530 ἀστεως
1280 2480 1340 2541 pro

275 2563 398 2638 ἀστείως
421 2565 683 2649 commendantis,
708 2566 746 2631 de
771 2588 835 2650 qua
856 2566 928 2632 vide
953 2588 1035 2650 quae
1058 2566 1182 2632 monuit
1205 2565 1244 2634 L.
1261 2564 1340 2630 Diu-

275 2671 351 2738 dorf
370 2669 526 2756 Stephani
548 2674 627 2739 thes.
652 2673 714 2738 v.I
737 2697 768 2757 p.
788 2677 883 2738 1154.

341 2780 453 2845 aoristi
468 2781 585 2864 passivi
601 2786 826 2847 enumerentur
848 2782 897 2846 hi:
926 2786 977 2864 13,
994 2783 1033 2844 14
1057 2778 1112 2844 οάκ
1127 2778 1162 2844 ἀν
1178 2780 1341 2867 διηνέχθης

277 2890 365 2970 33,9
389 2891 574 2975 κοιμηθῆναι
596 2891 650 2970 43,
672 2892 711 2952 14
734 2889 914 2976 λυπηθῆναι.

341 2997 495 3078 βιάζεσθαι
518 2995 548 3058 vi
571 2995 698 3078 passiva
720 2994 838 3078 legitur
868 2997 976 3078 34,11
1011 3003 1159 3079 καρτερεῖν
1186 2998 1341 3079 βιάζονται,

239 3185 243 3194 Ι
273 3099 312 3164 of.
336 3101 462 3185 Krueg.
488 3106 541 3185 39,
565 3104 655 3183 14,1
695 3108 728 3167 et
763 3124 845 3186 quae
881 3103 965 3168 idem
998 3102 1128 3186 collegit
1161 3102 1204 3167 ad
1238 3101 1340 3166 Thuo.

271 3207 343 3290 12,
365 3212 392 3273 1.

340 3320 481 3403 παρέχειν
513 3315 601 3381 verbi
635 3317 733 3383 modo
769 3317 907 3383 activum
943 3337 1043 3401 genus
1078 3316 1210 3382 adhibet
1244 3316 1340 3384 modo

272 3422 412 3488 medium
436 3422 491 3511 (of.
515 3424 641 3507 Krueg.
667 3429 719 3506 52,
738 3429 769 3508 θ,
786 3425 821 3510 2)
845 3427 937 3505 4,10
961 3421 1016 3487 οάκ
1043 3422 1127 3496 είινοίς
1155 3446 1259 3487 σοι...
1282 3445 1341 3487 πα-

273 3533 363 3616 ρέχω,
380 3529 447 3593 sim.
467 3532 495 3610 5,
508 3532 540 3593 4.
558 3533 611 3612 25,
628 3533 678 3594 14.
718 3531 775 3596 sed
790 3531 946 3614 παρέξεται
961 3534 1065 3616 χρείας
1081 3533 1134 3612 47,
1148 3533 1167 3594 2
1184 3533 1340 3614 παρείχετο

273 3635 332 3723 (so.
356 3637 474 3722 χρείας)
499 3640 552 3719 47,
568 3641 597 3702 3.

339 3741 484 3807 ἐκδόσθαι
508 3765 624 3827 genere
648 3743 754 3810 medio
772 3744 890 3809 dicitur
906 3743 945 3810 de
960 3743 1129 3829 Lysandro
1146 3744 1200 3828 qui
1214 3742 1339 3810 filiabus

272 3851 380 3917 dotem
396 3850 553 3917 conficere
570 3873 634 3918 non
650 3857 780 3936 poterat
798 3857 849 3935 37,
864 3857 900 3916 6:
924 3855 976 3916 καί
995 3849 1080 3925 οὗτος
1099 3855 1153 3924 τὰς
1173 3855 1341 3936 θυγατέρας

272 3955 326 4021 οὐκ
338 3956 458 4023 έδίινατο
470 3957 616 4024 ἐκδόσθαι
629 3957 839 4045 t‘ausstatten
849 3960 973 4043 Krueg.
985 3963 1037 4043 52,
1050 3965 1082 4043 8,
1095 3965 1128 4046 3)
1140 3969 1250 4043 προῖκα
1262 3959 1339 4030 δο5ς.

272 4065 328 4130 sed
358 4087 422 4149 qua
451 4072 501 4131 est
531 4066 729 4132 abundantia
758 4067 898 4150 scriptor
921 4067 1109 4150 superaddit
1131 4065 1209 4131 illud
1230 4075 1340 4150 προῖκα

272 4173 351 4245 δοὺς.
398 4172 438 4239 ab
462 4173 648 4260 Hirsohigio
672 4179 793 4241 temere
822 4175 902 4242 haee
929 4178 1090 4260 temptata
1120 4195 1189 4241 esse
1216 4174 1340 4240 monuit

273 4280 387 4350 editor.
