3388 5236
699 573 914 632 ...39-

270 763 389 846 logitur
411 763 508 828 etiam
525 763 614 827 διὰτ1
637 762 777 848 (saepius
801 763 905 829 solum
927 761 966 849 vl)
992 767 1022 845 2,
1042 767 1059 826 7
1082 762 1138 828 ubi
1152 762 1225 829 talis
1242 783 1339 829 causa

270 870 303 934 in
325 874 478 952 promptu
501 889 566 935 non
590 875 649 936 est.
682 868 821 936 formula
843 881 906 941 πῶς
928 872 979 933 acl
1002 869 1051 934 διὰ
1073 873 1099 933 τί
1121 871 1224 935 utitur
1242 869 1337 956 Poly·

270 975 352 1060 bius,
377 975 417 1041 cf.
438 975 548 1042 Krobs
570 975 591 1041 l.
614 998 641 1042 c.
661 998 691 1060 p.
711 981 762 1042 69.
799 982 942 1042 ceterum
965 977 1062 1042 etiam
1083 977 1177 1042 huius
1200 999 1336 1061 praepo·

270 1083 395 1149 sitionis
418 1103 478 1148 usu
501 1083 638 1148 alienum
666 1105 699 1149 se
727 1105 796 1151 esse
823 1083 933 1167 prodit
956 1083 1051 1149 'Peles
1074 1083 1114 1150 ab
1137 1086 1248 1169 ignoto
1272 1086 1335 1151 isto

270 1194 448 1276 συγκρίσεως
462 1195 594 1256 auctore
616 1191 671 1274 qui
686 1191 804 1274 septies
821 1213 892 1256 cum
907 1191 1106 1274 pronominis
1123 1192 1269 1275 genetivo
1285 1194 1337 1258 vel

270 1296 459 1362 substantivi
483 1298 645 1362 coniunxit
665 1298 714 1361 διά
736 1298 757 1363 l.
774 1319 802 1363 c.
826 1320 858 1381 p.
883 1302 955 1379 177,
979 1301 1031 1362 24.
1057 1302 1203 1382 27.178,
1227 1304 1257 1368 6.
1284 1302 1335 1364 14.

273 1407 346 1486 1aa,
364 1409 394 1469 a.
422 1407 472 1468 ro.
497 1409 539 1469 ao
562 1403 664 1471 Mem.

336 1515 414 1574 κατά
427 1512 675 1595 praepositionis
698 1532 771 1576 cum
793 1512 940 1596 genetivo
955 1512 1083 1578 iunctae
1100 1512 1244 1597 exempla
1258 1517 1336 1578 ιιοιτὰ

269 1619 379 1701 κρατὸς
402 1617 434 1680 δὲ
455 1622 565 1702 καρποί
588 1621 640 1698 25,
659 1622 678 1681 6
702 1623 736 1682 et
758 1623 874 1706 οτήοεις
889 1623 1027 1704 τρόπαιον
1041 1622 1119 1683 κατὰ
1134 1623 1233 1691 πενὶοις
1251 1622 1334 1702 10,3

270 1723 311 1789 ab
334 1722 520 1790 Atticorum
551 1724 780 1791 consuetudine
806 1725 884 1789 nihil
910 1725 1075 1792 recedunt.
1102 1726 1204 1809 magis
1227 1731 1335 1792 autem

270 1835 319 1896 est
347 1831 550 1915 perspicuum
579 1830 658 1896 illud
687 1835 765 1896 κατὰ
793 1835 893 1904 πενίας
923 1852 1018 1915 quam
1050 1831 1136 1897 solus
1169 1834 1334 1916 genetivus

269 1937 324 2024 (cf.
340 1937 465 2021 Krueg.
481 1941 536 2021 47,
554 1943 582 2020 7,
601 1938 635 2023 3)
659 1943 696 2003 ut
716 1938 750 2002 in
765 1937 905 2022 Lycurgi
929 1939 1068 2005 oratoris
1091 1937 1271 2023 fragmento
1291 1943 1332 2003 75

268 2048 406 2128 τροπαίου
429 2048 507 2108 κατὰ
530 2055 583 2131 τῆς
605 2045 720 2116 πόλεως
742 2041 908 2132 ἑστηκότος.
932 2044 973 2110 cf.
997 2065 1096 2130 supra
1121 2066 1153 2127 p.
1172 2049 1225 2110 25.
1241 2049 1278 2110 111
1294 2045 1333 2112 de

268 2152 450 2217 accusativo
474 2172 538 2217 non
553 2149 631 2216 nihil
654 2151 781 2235 addam,
805 2151 954 2217 notiones
978 2173 1060 2235 quae
1075 2173 1135 2235 per
1149 2156 1226 2215 νιατά
1240 2172 1333 2235 prae·

268 2260 460 2345 positionem
491 2257 573 2324 fiunt
604 2258 799 2343 temporales
830 2259 893 2324 iam
928 2279 1026 2342 supra
1056 2259 1215 2326 indicatae
1247 2265 1332 2325 sunt.

268 2367 308 2435 cf.
330 2367 426 2433 etiam
452 2366 518 2431 ind.
540 2386 608 2434 voc.
630 2388 655 2432 s.
675 2370 763 2432 κατὰ.
798 2365 1019 2432 adverbiorum
1048 2367 1151 2432 instar
1172 2371 1334 2451 ponuntur

267 2477 346 2539 κατὰ
368 2478 473 2560 τρόπον
498 2477 605 2557 16,11
629 2476 896 2558 κατὰπροαίρεσιν
919 2476 972 2556 43,
990 2478 1020 2538 8.
1049 2473 1137 2557 quod
1159 2472 1275 2558 legitur
1297 2477 1334 2538 τὰ

267 2579 341 2646 καθ’
356 2578 478 2653 ἑοιοτοὺς
502 2585 625 2665 32,18,
648 2580 682 2645 id
705 2601 769 2647 non
792 2581 927 2646 multum
950 2579 1064 2647 differt
1084 2601 1103 2646 a
1127 2580 1274 2665 genetivo
1298 2585 1334 2646 τὰ

267 2687 387 2767 ἑαυτῶν,
411 2688 451 2755 cf.
467 2688 578 2754 Krebs
601 2689 622 2753 l.
640 2709 666 2755 c.
683 2710 716 2772 p.
736 2692 808 2754 145.

335 2797 375 2863 de
406 2801 479 2884 ριτά
508 2797 748 2880 praepositione
779 2794 850 2861 vide
880 2816 978 2879 snpra
1008 2817 1040 2879 p.
1067 2798 1119 2859 37.
1162 2794 1334 2861 accusativi

268 2904 447 2988 exemplum
470 2901 530 2968 εἶτοι
559 2900 620 2989 μετ’
646 2900 749 2984 ὀλίγας
775 2901 891 2990 ἡμέρας
917 2905 967 2984 13,
991 2908 1010 2966 6
1037 2923 1099 2967 usu
1122 2907 1136 2966 t
1156 2902 1331 2968 tissimum.

333 3009 405 3097 ὑπὲρ
427 3031 493 3077 non
515 3011 632 3096 legitur
655 3010 716 3075 nisi
738 3010 870 3076 notione
893 3005 981 3094 ‘pro’.
1017 3009 1087 3075 vide
1110 3008 1176 3075 ind.
1192 3030 1262 3075 voc.

334 3119 410 3208 ἀμφί
431 3117 679 3203 praepositionis
703 3115 882 3200 exemplum
904 3136 968 3181 non
992 3120 1108 3180 exstat.

334 3230 514 3293 structurae
537 3247 596 3308 per
618 3229 683 3309 cept
705 3223 974 3308 praepositionem
1000 3221 1155 3288 formatae
1185 3227 1215 3305 6,
1234 3226 1252 3286 5
1282 3219 1333 3288 ἐὰν

186 3416 193 3422 ι
267 3339 319 3422 μὲν
342 3330 435 3407 οὕτως
458 3329 612 3418 ὑπολάβῃς
634 3334 699 3417 περὶ
721 3327 815 3396 αὐτῶν
838 3330 887 3396 vel
903 3333 1058 3419 φροντίζειν
1073 3333 1138 3412 περί
1153 3351 1230 3402 τινος
1247 3333 1332 3412 36,2

266 3441 383 3508 nemini
409 3442 542 3525 ignotae
570 3444 659 3522 sunt,
683 3438 722 3506 cf.
746 3437 871 3522 Krueg.
893 3442 945 3520 68,
969 3439 1021 3520 31,
1039 3431 1070 3501 2.
1106 3435 1246 3501 dativum
1268 3458 1333 3502 non

265 3550 350 3633 regit
375 3553 441 3633 περί
466 3548 500 3612 in
527 3545 678 3612 Teleteis
713 3546 885 3611 accusativi
913 3544 1058 3628 exempla
1081 3549 1236 3628 congesta
1258 3549 1333 3610 sunt

265 3657 298 3722 in
320 3656 424 3722 indice
447 3675 516 3719 voc.

332 3767 414 3847 παρά
442 3783 514 3827 cum
537 3760 639 3826 tribus
663 3760 789 3826 casibus
812 3760 954 3844 iungitur
977 3758 1063 3842 apud
1086 3757 1246 3840 Teletem,
1275 3759 1333 3825 sed

266 3891 348 3954 quae
372 3869 529 3936 excedant
551 3867 812 3935 consuetudinem
827 3865 1014 3933 Atticorum
1029 3867 1081 3930 vix
1100 3867 1236 3950 repperi,
1261 3866 1332 3932 vide

263 3977 329 4043 ind.
346 3998 415 4043 voc.
432 3997 646 4043 commemoro
669 3976 732 4040 vim
755 3973 915 4040 causalem
931 3977 996 4058 6,l
1022 3976 1104 4058 παρὰ
1127 3978 1178 4061 τὴν
1202 3974 1288 4060 λῆψιν
1311 3970 1331 4059 ἡ

265 4085 348 4173 δῆξις
369 4089 483 4167 γίνεται.
505 4083 547 4149 ib.
570 4086 635 4166 6,4
658 4086 739 4167 παρὰ
761 4079 812 4170 τὴν
835 4078 1014 4169 ὑπόληψινή
1038 4077 1128 4168 otton
1151 4084 1258 4162 γίνεται
1274 4078 1330 4166 (cl.

264 4193 389 4276 Krueg.
402 4197 454 4275 68,
467 4196 519 4274 36,
532 4190 691 4257 6Kuehn.
704 4190 743 4255 ΙΙ
757 4193 773 4253 1
789 4213 818 4274 p.
831 4192 898 4254 444
907 4191 1001 4274 sqq.),
1015 4188 1264 4272 comparativam
1278 4190 1331 4271 14,

265 4305 284 4364 6
301 4303 343 4388 μὴ
360 4296 444 4363 οὐδὲν
460 4299 581 4387 λέγηται
596 4303 678 4385 παρὰ
694 4300 727 4362 τὸ
743 4307 792 4361 τοῦ
808 4294 974 4370 Στίλπωνος
991 4295 1128 4384 (Krueg.
1141 4300 1194 4379 68,
1213 4300 1265 4378 36,
1282 4296 1329 4383 4),
