3380 5228
678 564 896 624 ..43-

250 753 340 820 Obba
363 760 428 841 γὰρ
452 765 500 822 νῦν
523 753 564 828 εἰς
587 759 619 820 τὸ
644 755 846 845 Θεσμοφόρων
870 754 1002 830 ἐξουσίαν
1025 755 1102 842 ἔχω,
1130 752 1193 820 οὐδ’
1214 751 1246 820 αἱ
1268 778 1319 837 γο-

248 873 347 936 ναῐκες
362 860 404 936 εἷς
419 866 451 927 τὸ
468 872 518 927 τοῦ
533 859 688 928 Ἐνοαλὶοο
710 861 769 927 acl.
789 867 839 947 16,
853 868 884 927 9.
909 867 962 946 47,
977 867 1008 928 4.
1031 862 1156 947 plenius
1175 863 1319 946 loquitur

251 975 340 1055 34‚3
363 969 401 1037 Ἡ
424 976 507 1037 πενία
529 973 638 1036 solbat
660 975 733 1057 πρὸς
757 975 789 1036 τὸ
814 973 999 1060 φιλοσοφεῖν,
1027 967 1043 1034 ὁ
1072 971 1104 1034 δὲ
1128 972 1255 1042 πλοῦτος
1278 966 1319 1041 εἰς

249 1087 340 1142 ταῦτα
362 1085 519 1166 χρήσιμον.
534 1117 578 1126 -
595 1075 668 1142 Ota
691 1075 735 1143 ab.
759 1083 868 1149 πόοοος
891 1081 956 1161 γὰρ
980 1077 1033 1141 οἴει
1049 1073 1085 1141 δι’
1099 1074 1236 1161 εὐφορίαν
1259 1073 1318 1140 ara.

252 1185 291 1250 de
314 1185 479 1268 particulis
502 1189 553 1250 καὶ
575 1189 631 1271 γάρ
655 1190 688 1251 et
710 1181 779 1249 οὐδὲ
801 1189 857 1269 γάρ
880 1184 952 1250 vide
976 1183 1041 1250 ind.
1057 1205 1127 1250 voc.
1143 1205 1175 1266 p.
1194 1188 1246 1248 68.
1266 1188 1316 1250 76.

315 1297 348 1373 γέ
359 1292 535 1375 particulae
552 1291 697 1375 exempla
712 1312 771 1358 nec
786 1293 816 1356 vi
831 1291 871 1357 ab
884 1290 1073 1357 Atticorum
1088 1311 1148 1356 usu
1163 1290 1318 1356 recedunt

247 1420 307 1464 nec
331 1398 551 1483 collocatione,
571 1400 642 1464 vide
657 1398 722 1464 ind.
739 1419 808 1464 voc.
833 1395 900 1462 ἀλλ’
924 1395 973 1463 οὖν
988 1420 1021 1480 γε
1036 1397 1153 1482 legitur
1168 1400 1223 1480 48,
1239 1402 1268 1461 2.
1285 1399 1316 1463 4.

314 1505 400 1571 idem
431 1505 497 1572 fere
525 1505 609 1572 valet
638 1506 677 1571 de
705 1504 865 1588 particula
892 1505 932 1569 δέ.
967 1510 1044 1570 nota
1072 1510 1122 1570 est
1147 1503 1317 1569 verborum

250 1611 420 1679 collocatio
444 1612 517 1678 talis
543 1616 607 1695 2,4
630 1610 677 1676 ἐπὶ
699 1622 752 1699 τῆς
776 1613 961 1698 δικαιοοὺνης
985 1611 1017 1675 δὲ
1035 1615 1120 1694 30,9
1140 1613 1215 1695 πρὸς
1229 1608 1316 1694 Κρά-

248 1741 321 1806 τητα
345 1720 385 1795 δὲ,
410 1719 449 1784 cf.
466 1718 592 1802 Krueg.
611 1724 663 1802 68,
686 1724 716 1800 5,
736 1723 768 1786 4.
805 1719 837 1782 δέ
860 1719 892 1783 in
914 1718 1018 1802 primo
1043 1718 1197 1784 sermonis
1221 1738 1316 1782 enun-

248 1826 329 1892 tiato
357 1827 465 1911 posita
489 1829 540 1907 38,
564 1829 582 1889 3
606 1823 642 1888 Ei
670 1826 702 1890 δὲ
730 1827 774 1889 δεῖ
794 1823 854 1889 acl.
875 1847 914 1891 ex
937 1825 1097 1908 epitomae
1124 1830 1240 1890 natura
1266 1845 1315 1889 ro-

247 1932 387 2017 petenda
410 1934 481 2001 erit.
517 1933 549 1997 δὲ
572 1937 624 1996 καί
647 1932 837 2017 copulantur
860 1932 947 1998 haud
969 1954 1043 2000 raro
1066 1932 1149 2017 (vide
1164 1932 1230 1997 ind.
1245 1952 1314 1999 voc.

248 2061 272 2105 e.
289 2041 369 2127 καί),
398 2040 485 2106 velut
512 2044 538 2104 rt
566 2040 673 2104 δὲκαὶ
696 2041 826 2129 διαφέρει
852 2043 903 2123 16,
927 2043 978 2105 12.
1003 2043 1055 2121 21,
1076 2042 1116 2105 10
1140 2037 1196 2124 (cl.
1218 2039 1316 2104 etiam

247 2146 764 2234 Krueg.ca,3e,1c).-eaea
789 2150 841 2230 35,
856 2152 885 2212 a.
921 2156 968 2214 νον
993 2148 1025 2211 ae
1051 2150 1169 2230 15,12.
1195 2149 1314 2229 31,16.

249 2251 274 2318 al
298 2255 329 2318 δὲ
353 2275 448 2338 saepe
471 2255 590 2339 legitur
613 2254 697 2340 (vide
720 2255 784 2322 ind.
802 2277 872 2321 voc.
894 2276 920 2320 s.
936 2252 982 2341 al).
1007 2293 1049 2302 -
1073 2254 1113 2319 de
1136 2257 1188 2340 μὲν
1204 2302 1211 2317 .
1228 2302 1258 2317 ..
1282 2253 1315 2317 δὲ

247 2361 412 2445 particulis
435 2363 506 2428 vide
529 2362 622 2428 infra.

314 2469 352 2557 δή
381 2469 558 2553 particulae
592 2469 738 2553 exempla
771 2470 952 2537 enumeravi
984 2469 1049 2537 ind.
1074 2492 1107 2553 p.
1132 2472 1184 2533 58.
1220 2469 1314 2556 δήπου

247 2577 344 2642 semel
368 2582 491 2643 exstat:
516 2574 574 2643 οἷον
599 2577 694 2665 δήπου
719 2581 820 2660 36,1.

313 2680 364 2748 ἐάν
388 2690 421 2749 et
444 2682 479 2749 ἄν
502 2684 619 2768 legitur
647 2689 680 2750 et
706 2685 769 2750 hoc
798 2684 926 2768 quidem
948 2683 1136 2768 plerumque
1165 2705 1235 2748 oum
1263 2687 1315 2746 aul

245 2790 404 2872 particula
426 2791 571 2857 iunctum
594 2789 687 2878 (κᾶν),
712 2792 783 2857 vide
805 2791 870 2856 ind.
887 2812 956 2857 voc.
978 2812 1004 2856 s.
1021 2789 1064 2855 ἄν.
1099 2787 1161 2854 οὐδ’
1184 2787 1235 2856 ἐὰν
1258 2793 1312 2872 45,

248 2901 300 2962 17.
325 2903 467 2964 ceterum
481 2899 553 2965 vide
568 2899 633 2968 ind.
646 2920 716 2965 voc.
730 2920 755 2968 s,
769 2899 819 2964 ἐάν
836 2904 869 2964 et
884 2919 967 2982 quae
983 2918 1081 2982 supra
1096 2897 1203 2963 monui
1214 2920 1245 2982 p.
1259 2902 1312 2962 29.

313 3001 339 3068 al
368 3006 602 3073 coniunctionis
631 3005 776 3090 exempla
803 3028 869 3072 non
898 3010 947 3072 est
974 3026 1031 3070 cur
1052 3011 1207 3089 repetam.
1241 3004 1313 3070 vide

245 3111 308 3176 ind.
330 3134 401 3178 voc.
422 3134 448 3178 s.
469 3109 494 3176 εἰ
525 3119 557 3178 et
585 3133 683 3196 supra
709 3135 741 3197 p.
764 3117 818 3177 29.
858 3113 943 3178 inter
971 3111 1050 3197 εἴπερ
1079 3112 1312 3180 coniunctionis

246 3219 391 3303 exempla
413 3242 512 3286 unum
535 3225 585 3286 est
609 3221 696 3304 quod
720 3219 953 3286 dubitationem
975 3224 1103 3286 moveat
1125 3223 1238 3302 46,13
1262 3222 1313 3283 καὶ

245 3324 324 3410 εἴπερ
347 3323 453 3412 ἕτερον,
477 3327 533 3393 ubi
554 3326 630 3416 ἥπερ
654 3348 757 3411 nuper
780 3327 916 3394 coniecit
939 3328 980 3393 de
1003 3326 1128 3392 Arnim.

312 3433 351 3498 de
374 3432 435 3498 εἶτα
458 3435 529 3500 vide
552 3457 584 3518 p.
608 3439 662 3500 45.
704 3434 802 3500 ἔπειτα
826 3435 863 3524 δή
886 3435 1003 3518 legitur
1025 3438 1150 3518 47,11.

311 3538 373 3605 ἐπεί
402 3541 521 3626 ubique
550 3541 616 3608 fere
644 3541 815 3608 adhibetur
841 3542 871 3607 vi
901 3541 1036 3626 causali,
1065 3541 1176 3609 confer
1203 3546 1312 3608 tamen

248 3652 330 3731 7,1.
373 3650 518 3735 exempla
544 3651 698 3734 exscripsi
725 3650 791 3715 ind.
818 3671 889 3718 voc.
915 3649 987 3715 vide
1016 3653 1185 3734 praeterea
1215 3671 1311 3733 snpra

243 3777 276 3838 p.
302 3759 354 3821 30.

309 3860 367 3936 ἕως
395 3860 462 3927 bron
478 3912 485 3927 .
502 3912 532 3927 ..
560 3860 692 3952 ripaltam
720 3864 908 3930 insolentius
937 3863 1052 3930 dicitnr
1080 3869 1133 3944 27,
1151 3870 1185 3948 6,
1213 3864 1310 3947 idque

244 3969 304 4035 etsi
336 3991 356 4036 a
384 3969 504 4036 'lleletis
533 3969 662 4037 saeculo
692 3992 757 4037 non
795 3970 934 4037 alienum
960 3977 1131 4054 putaverat
1160 3971 1309 4038 Meineke

244 4096 324 4142 com.
339 4076 415 4160 Vp.
434 4081 507 4158 106,
525 4077 730 4161 epitomatori
745 4079 858 4145 tribuit
869 4078 959 4145 Diels
975 4080 996 4144 l.
1014 4100 1041 4148 c.
1058 4079 1194 4145 fortasse
1210 4084 1309 4146 recte.

242 4182 341 4248 nolim
370 4188 479 4250 tamen
507 4185 783 4268 praetervideatur
812 4183 870 4258 ἕως
898 4181 932 4249 οὔ
959 4191 992 4251 et
1018 4183 1076 4258 ἕως
1103 4183 1171 4249 broc
1198 4185 1310 4252 eadem

242 4289 368 4356 ratione
384 4289 528 4357 adhibita
544 4311 613 4357 esse
629 4313 649 4357 a
663 4291 811 4377 Polybio.
836 4291 875 4357 cf.
892 4291 1036 4359 Kaelker
1050 4291 1072 4356 l.
1089 4313 1116 4357 c.
1133 4314 1164 4376 p.
1182 4295 1245 4356 255
1263 4313 1308 4376 sq.
